4446 5406
1166 638 1184 706 8

476 813 573 880 Anno
589 816 650 881 M⁰.
666 816 774 882 cxxvi.

476 921 573 986 Anno
589 924 650 988 ΜΟ.
666 924 787 1009 cxxvij.
804 924 940 989 Barones
951 923 1070 1012 Anglie
1075 924 1261 1010 juraverunt
1270 924 1335 989 filio
1346 924 1436 1014 regis.
1483 925 1617 1016 Sanguis
1632 927 1671 994 de
1685 928 1771 995 fonte
1783 951 1865 996 ema·

541 1030 629 1094 navit
643 1029 784 1117 plun'bus
796 1029 914 1095 dicbus.

476 1134 573 1198 Anno
589 1135 650 1200 ΜΟ.
666 1136 798 1222 cxxviij.
815 1135 1360 1204 Ob.WillelmuscomesFland1ie.

475 1240 573 1304 Anno
588 1241 649 1305 ΜΟ.
665 1242 776 1307 cxxix.
793 1241 854 1307 Ob.
869 1241 1048 1307 Willelmus
1063 1242 1185 1308 Giffard
1199 1243 1362 1332 episcopus
1376 1245 1573 1312 Wincestrie.

548 1412 643 1479 NNO
658 1414 719 1478 ΜΟ.
735 1439 835 1480 cxxx.
852 1415 913 1480 Ob.
929 1439 1010 1502 papa
1025 1415 1193 1494 Honorius,
1209 1417 1355 1482 successit
1370 1417 1584 1482 Innocencius.

570 1519 666 1582 Anno
682 1518 743 1584 ΜΟ.
759 1521 870 1587 cxxxi.

476 1624 573 1690 Anno
589 1625 650 1690 ΜΟ.
665 1627 790 1712 cxxxij.

474 1730 571 1795 Auno
587 1731 648 1795 ΜΟ.
664 1731 800 1817 cxxxiij.
824 1732 958 1820 Eclipsis
980 1725 1060 1798 solis.
1100 1734 1300 1798 Terremotus
1322 1735 1355 1799 in
1378 1733 1497 1823 Anglia
1518 1734 1575 1821 iiij.
1598 1759 1694 1800 nonas
1713 1738 1862 1826 Augusti.

539 1836 695 1902 Henricus
710 1835 792 1902 filius
806 1837 1010 1925 imperatricis
1024 1838 1167 1904 nascitur.

474 2048 571 2112 Anno
587 2049 648 2114 ΜΟ.
668 2075 789 2115 cxxxv.
810 2052 969 2118 Henricus
987 2076 1045 2118 rex
1064 2054 1183 2142 Anglie
1203 2054 1322 2141 primus
1343 2056 1401 2130 ob.,
1421 2053 1517 2118 subiit
1537 2053 1721 2140 Stephanus
1767 2056 1861 2120 Com-

537 2156 630 2221 busta
643 2171 689 2220 est
703 2157 832 2223 ecclesia
847 2158 937 2223 Pauli
953 2159 1104 2224 London’.

473 2261 570 2326 Anno
586 2262 647 2326 ΜΟ.
657 2264 790 2328 cxxxvi.
797 2263 857 2328 Ob.
864 2262 1043 2330 Willclmus
1053 2265 1483 2354 archiepiscopusOantuarie.
1500 2265 1633 2352 Eclipsis
1643 2266 1860 2332 solisetLune.

473 2367 570 2433 Anno
586 2367 647 2432 ΜΟ.
665 2369 810 2454 cxxxvij.
827 2369 889 2434 Ob.
905 2370 1090 2436 Lodowicus
1107 2396 1165 2437 rex
1179 2371 1321 2448 Francis,
1337 2371 1482 2436 successit
1497 2371 1682 2436 Lodowicus
1693 2372 1776 2436 filius
1785 2373 1860 2458 ejus.

538 2473 663 2538 Bellum
678 2473 760 2538 inter
773 2474 928 2561 Anglicos
942 2490 974 2539 et
990 2475 1112 2540 Scottus
1123 2475 1207 2562 apud
1223 2474 1426 2540 Childerhou.

474 2577 572 2642 Anno
588 2578 649 2642 ΜΟ.
665 2580 822 2665 cxxxviij.
852 2580 1052 2646 Theobaldus
1075 2582 1111 2646 fit
1134 2581 1384 2668 archiepiscopus
1409 2579 1585 2645 Cantuarie.
1630 2580 1755 2650 Bellum
1781 2583 1862 2649 inter

540 2681 645 2746 David
661 2682 796 2748 Scottic'.
813 2697 845 2749 et
859 2684 1126 2773 archiepiscopum
1142 2685 1246 2750 Ebor‘.
1262 2697 1294 2750 ct
1309 2685 1411 2750 victus
1425 2697 1472 2749 est
1486 2685 1558 2749 ch
1573 2685 1688 2750 David.

471 2787 569 2852 Anno
585 2787 645 2851 ΜΟ.
661 2789 798 2853 cxxxix.
813 2791 1004 2877 Imperatrix
1018 2791 1107 2856 venit
1120 2790 1154 2856 in
1169 2791 1331 2880 Angliam.

543 2962 636 3027 NNO
653 2962 713 3026 ΜΟ.
729 2961 791 3028 cxl.
809 2960 943 3048 Eclipsis
957 2959 1029 3024 solis
1045 2959 1134 3042 [lune
1144 2963 1174 3044 ἲ]
1188 2983 1206 3024 a
1220 2959 1324 3024 media
1338 2972 1428 3023 nocte
1444 2981 1541 3043 usque
1558 2958 1597 3023 ad
1612 2983 1763 3026 auroram.

563 3069 660 3133 Anno
676 3068 737 3134 ΜΟ.
753 3067 827 3134 cxli.
844 3067 1015 3132 Combusta
1028 3079 1075 3130 est
1090 3064 1220 3131 ccclesia
1234 3064 1384 3130 Lincoln’.
1431 3064 1607 3151 Stephanus
1622 3089 1679 3130 rex
1690 3067 1812 3154 capitur
1825 3069 1860 3132 in

534 3173 616 3239 bello
631 3173 715 3260 apud
730 3173 880 3249 Lincoln'‚
896 3172 930 3237 in
944 3171 1173 3260 purificatione.

474 3277 571 3340 Anno
587 3276 648 3340 ΜΟ.
664 3276 751 3362 cxlij.
776 3275 893 3363 Oapcio
919 3275 1041 3341 comitis
1070 3275 1153 3363 apud
1175 3274 1412 3340 Glouccstn'am.
1455 3273 1579 3341 Abacia
1605 3275 1768 3342 Melisont’.
1788 3303 1860 3344 con·

535 3382 673 3448 struitur.

469 3490 567 3553 Anno
584 3489 643 3551 ΜΟ.
660 3487 758 3572 cxliij.
775 3487 836 3553 Ob.
853 3487 1058 3554 Innocencius
1073 3512 1154 3576 papa
1168 3488 1329 3564 sccundus,
1345 3487 1441 3552 subiit
1456 3485 1640 3552 Celestinus.

470 3595 567 3659 Anno
583 3594 644 3658 ΜΟ.
660 3593 772 3678 cxliiij.
798 3593 858 3658 Ob.
880 3593 1063 3670 Celestinus,
1091 3593 1187 3659 subiit
1210 3593 1335 3658 Lucius.
1381 3594 1465 3658 Puer
1485 3592 1665 3658 Willehuus
1690 3594 1858 3660 crucifixus

535 3715 581 3765 est
596 3699 680 3786 apud
694 3699 884 3764 Norwicum.
1256 3689 1266 3704 ⁸

471 3806 567 3870 Anno
582 3805 644 3869 ΜΟ.
660 3805 745 3870 cxlv.
762 3805 823 3870 Ob.
836 3805 953 3871 Lucius
968 3830 1057 3894 papa,
1074 3804 1170 3870 subiit
1185 3803 1357 3892 Eugenius.
1402 3805 1534 3870 Cometa
1549 3805 1703 3892 apparuit.

469 3913 566 3976 Anno
582 3911 643 3975 ΜΟ.
659 3911 755 3976 cxlvi.

468 4017 565 4080 Anno
580 4017 643 4080 ΜΟ.
658 4016 766 4101 cxlvij.
783 4016 844 4081 Ob.
860 4016 1045 4082 Alexander
1063 4015 1228 4082 Lincolnie
1248 4017 1420 4105 episcopus.
1465 4017 1536 4081 ch
1552 4016 1683 4083 Francis
1702 4021 1857 4106 profectus

534 4137 580 4183 est
596 4119 707 4183 Ierl'm.

468 4226 565 4288 Anno
581 4225 641 4288 ΜΟ.
658 4224 778 4308 cxlviij.
795 4224 855 4289 Ob.
872 4225 980 4290 beatus
996 4224 1167 4290 Malachias
1182 4225 1266 4312 apud
1283 4224 1454 4290 Clarcvall'.

467 4331 564 4398 Anno
582 4330 641 4394 ΜΟ.
658 4330 756 4396 cxlix.
773 4331 928 4395 Robertus
943 4331 982 4396 dc
998 4330 1128 4419 Cheney
1143 4331 1180 4396 fit
1194 4331 1356 4418 episcopus
1372 4330 1543 4396 Lincolnie.

1727 4439 1854 4506 ANNO
