4446 5406
1129 602 1172 665 ¹4

456 761 553 824 Anno
568 759 629 824 M⁰.
645 758 747 844 echij.
764 759 825 824 Ob.
843 757 1013 824 Mauricius
1031 758 1110 823 filius
1126 759 1263 826 Gersldi.

456 865 553 929 Anno
569 866 630 930 ΜΟ.
646 859 764 950 celviij.¹
777 866 919 946 Quatuor
934 865 1041 931 fratres
1056 865 1137 954 regis
1152 867 1270 956 Anglie
1282 867 1491 932 exulantnret
1502 866 1555 932 alii
1567 865 1701 932 Pictavi.
1733 864 1843 930 Mense

521 971 643 1059 augusti
659 996 715 1036 rex
730 971 899 1036 Almannie
913 971 1007 1036 rediit
1017 971 1050 1035 in
1066 973 1227 1060 Angliam.
1272 972 1333 1039 Ob.
1350 973 1512 1060 Reynerus
1527 972 1649 1059 primas.

457 1075 555 1139 Anno
571 1076 632 1139 ΜΟ.
649 1076 741 1142 cclix.
760 1077 937 1163 Stephanus
948 1077 987 1141 de
999 1077 1092 1164 longa
1107 1093 1194 1165 spata
1208 1077 1295 1143 venit
1299 1078 1491 1163 justiciarius
1501 1077 1664 1143 Hibernia.
1694 1075 1843 1141 Interfec-

522 1195 571 1244 tus
586 1197 632 1245 cst
644 1181 673 1244 O
685 1179 755 1255 Nel,
772 1180 805 1243 in
816 1179 866 1244 die
883 1179 980 1244 sancti
998 1229 1101 1244 .....
1146 1180 1269 1244 Wiride
1286 1193 1419 1244 castrum
1434 1180 1646 1267 prosternitur.
1663 1179 1843 1243 Willelmus

523 1284 561 1347 de
578 1283 690 1348 Denne
704 1283 741 1345 fit
750 1281 952 1366 justiciarius.
997 1281 1159 1346 Abraham
1175 1283 1289 1370 primas
1303 1284 1353 1348 ob.

529 1449 623 1514 NNO
638 1448 699 1512 ΜΟ.
716 1448 796 1514 cclx.

551 1556 646 1618 Anno
662 1554 723 1618 ΜΟ.
740 1554 833 1620 cclxi.
850 1555 910 1620 Ob.
927 1555 1111 1620 Alexander
1130 1571 1267 1642 quartus,
1283 1557 1379 1622 subiit
1394 1557 1540 1623 Urbanus
1559 1557 1682 1622 tercius.
1725 1555 1845 1621 ‹Iohan-

523 1685 577 1725 nes
591 1661 674 1725 filius
690 1661 813 1725 Thome
828 1660 1008 1724 interfectus
1023 1675 1077 1734 est,
1098 1675 1129 1724 et
1145 1659 1316 1724 Mauricius
1332 1659 1414 1724 filius
1429 1660 1504 1746 ejus,
1520 1660 1679 1724 Walterus
1693 1660 1732 1724 de
1748 1658 1844 1723 Ride-

524 1767 645 1843 lesforcl
661 1766 799 1831 Thomas
808 1767 847 1830 de
857 1765 1041 1830 Reehesord.
1071 1765 1151 1829 Item
1164 1765 1191 1828 F
1192 1765 1260 1828 inin
1273 1765 1445 1830 Maccarthi
1457 1765 1609 1830 occiditur
1619 1765 1703 1852 apud
1714 1764 1844 1829 Rinron.

523 1873 585 1938 Ob.
597 1872 776 1937 Willelmus
793 1873 831 1937 de
847 1872 937 1936 Dene
948 1870 1147 1956 justiciarius
1168 1872 1314 1935 suecessit
1328 1871 1480 1936 Ricardus
1495 1872 1534 1936 de
1550 1871 1691 1958 Rupella.
1736 1871 1846 1936 Frater

523 1979 676 2044 Patricius
684 1979 720 2042 fit
731 1978 859 2042 Primus.
904 1979 965 2042 Ob.
975 1979 996 2042 J
999 1978 1134 2042 ohannes
1144 1977 1182 2042 de
1195 1978 1321 2041 Exonia
1332 1977 1365 2040 in
1375 1977 1426 2042 die
1436 1977 1617 2042 animarum.

459 2085 556 2150 Anno
573 2085 632 2148 ΜΟ.
649 2084 754 2169 cclxij.
777 2083 838 2149 Ob.
855 2083 993 2147 Domina
1008 2085 1077 2148 Eva
1092 2083 1130 2149 de
1148 2084 1282 2161 Exonia,
1305 2084 1405 2171 prima
1419 2108 1501 2148 uxor
1516 2084 1635 2148 domini
1655 2083 1783 2148 Ricardi
1805 2083 1844 2149 de

524 2190 657 2266 Exonia
674 2192 723 2255 ob.
739 2189 773 2254 in
788 2189 839 2254 die
855 2189 1116 2254 annunciacionis.
1161 2191 1241 2255 Item
1257 2191 1306 2255 ob.
1323 2190 1475 2254 Ricardus
1491 2190 1530 2254 de
1546 2189 1637 2255 Clare
1651 2213 1754 2254 comes
1766 2189 1843 2255 Glo-

523 2297 638 2362 vernie.

458 2405 554 2468 Anno
571 2403 632 2467 ΜΟ.
655 2400 771 2486 cclxiij.
800 2403 936 2467 Barones
965 2403 1084 2489 Anglie
1113 2403 1272 2487 ejecerunt
1298 2403 1494 2490 alienigenas.
1539 2404 1619 2468 Item
1647 2403 1775 2468 indutus
1798 2419 1845 2469 est

522 2509 615 2572 frater
631 2507 807 2593 Stephanus
823 2507 861 2570 de
874 2507 1000 2571 Exonia
1014 2507 1048 2570 in
1064 2508 1115 2572 die
1131 2508 1383 2575 annunciationis
1395 2523 1465 2594 post
1478 2508 1562 2573 diem
1577 2508 1691 2573 martis.

458 2615 554 2678 Anno
570 2613 631 2676 ΜΟ.
647 2613 776 2697 cclxiiij.
791 2613 916 2677 Bellum
931 2613 1129 2678 commissum
1141 2629 1187 2678 est
1204 2614 1288 2701 apud
1302 2614 1415 2701 Lewys
1430 2614 1484 2679 ubi
1501 2630 1610 2700 captus
1625 2628 1692 2679 erat
1701 2639 1760 2680 rex
1771 2639 1843 2680 eum

522 2719 636 2783 multis.
682 2719 743 2783 Ob.
767 2720 905 2785 Domina
927 2719 1068 2797 Mabilia,
1091 2721 1226 2786 secunda
1247 2745 1329 2786 uxor
1350 2720 1470 2786 domini
1492 2720 1619 2785 Ricardi
1641 2720 1681 2785 de
1707 2721 1842 2786 Exonia.

521 2826 602 2891 Item
621 2826 673 2890 ob.
696 2823 887 2892 Waleranus.
932 2829 1014 2893 Item
1037 2830 1086 2895 ob.
1102 2853 1183 2917 papa
1202 2829 1348 2895 Urbanus
1368 2841 1401 2893 et
1415 2827 1511 2892 subiit
1536 2826 1681 2892 Clemens
1706 2841 1841 2912 quartus.

521 2931 602 2995 Item
627 2930 747 2996 Guerra
767 2948 851 2998 mota
871 2949 917 2999 est
938 2935 1020 3000 inter
1038 2937 1200 3001 dominum
1220 2936 1273 3000 W.
1291 2935 1330 3001 de
1346 2936 1453 3020 Burgo
1472 2947 1504 2998 et
1523 2932 1716 2998 Geraldinos.
1761 2933 1842 2998 Item

521 3053 679 3124 magnates
694 3038 776 3124 eapti
792 3053 865 3102 sunt
879 3039 963 3125 apud
978 3038 1144 3103 Desertum
1159 3037 1255 3102 indie
1273 3037 1379 3103 Sancti
1395 3034 1549 3101 Nieholai.

456 3142 553 3206 Anno
569 3140 630 3204 ΜΟ.
646 3141 747 3206 cclxv.
761 3141 894 3207 Karalus
909 3167 1011 3208 comes
1024 3144 1190 3210 Provineie
1206 3159 1335 3210 vocatur
1350 3169 1368 3208 a
1383 3144 1545 3209 Clemente
1560 3167 1641 3230 papa
1656 3144 1695 3208 ad
1709 3167 1842 3231 regnum

521 3249 647 3314 Cecilie.
675 3249 818 3314 Secunda
829 3249 879 3314 die
889 3249 996 3314 marcii
1006 3249 1204 3314 commissum
1216 3264 1263 3314 est
1272 3249 1391 3314 bellum
1400 3248 1483 3313 inter
1491 3248 1594 3335 ipsum
1605 3247 1842 3314 etMansredum

519 3358 553 3420 in
568 3355 696 3442 Apulia,
712 3371 744 3420 et
757 3357 937 3422 interfectus
952 3372 998 3422 est
1013 3358 1204 3424 Manfredus.
1249 3359 1330 3423 Item
1345 3357 1543 3422 commissum
1558 3369 1604 3421 est
1623 3355 1741 3420 bellum
1759 3356 1842 3443 apud

520 3464 679 3528 Evisham.
725 3463 805 3527 Item
817 3463 994 3527 Ottobonus
1006 3463 1094 3528 venit
1105 3463 1226 3551 legatus
1240 3462 1275 3526 in
1289 3461 1450 3549 Angliam.
1495 3459 1704 3526 Commissum
1715 3473 1762 3525 est
1776 3458 1840 3526 bel-

520 3571 587 3635 lum
603 3570 686 3657 apud
702 3570 853 3634 Evisham
868 3570 902 3633 in
916 3571 1049 3636 crastino
1064 3571 1258 3636 invencionis
1276 3570 1382 3636 Sancti
1400 3568 1559 3655 Stephani.

454 3678 551 3741 Anno
564 3676 624 3739 ΜΟ.
638 3675 752 3740 cclxvi.
764 3675 906 3740 Castrum
915 3675 955 3739 de
966 3675 1182 3740 Kenilwurthe
1195 3678 1354 3741 obsessum
1366 3689 1453 3740 estet
1463 3674 1619 3739 redditum
1629 3673 1705 3760 regi.
1729 3673 1842 3740 Comes

519 3782 558 3846 de
574 3780 682 3846 Ferers
698 3795 805 3867 eaptus
824 3795 870 3846 est
885 3781 967 3868 apud
984 3781 1187 3846 Chesterfeld.
1232 3781 1293 3846 Ob.
1311 3781 1487 3868 Margareta
1497 3779 1653 3845 comitissa
1668 3779 1840 3846 Lineolnie.

518 3886 600 3950 Item
614 3885 709 3950 frater
724 3884 763 3949 G.
779 3884 819 3949 de
836 3884 929 3949 Slane
948 3883 984 3948 fit
1001 3884 1151 3950 minister.
1197 3885 1330 3973 Eelipsis
1346 3887 1435 3951 Lune
1456 3886 1506 3950 die
1528 3885 1640 3951 Sancte
1660 3886 1758 3952 Lucie
1778 3888 1840 3951 vir-

519 4014 609 4078 grms.

453 4097 550 4159 Anno
566 4094 628 4157 ΜΟ.
644 4091 771 4176 cclxvij.
788 4091 948 4156 Rolandus
960 4091 1095 4155 decanus
1107 4088 1305 4155 Caesellensis
1316 4088 1437 4176 capitur
1448 4113 1466 4154 a
1476 4088 1641 4176 regalibus.
1686 4089 1841 4157 Dominus

519 4195 671 4260 Ricardus
686 4194 725 4257 de
742 4193 868 4257 Exonia
882 4193 981 4257 adivit
996 4216 1101 4278 regem
1117 4216 1173 4278 pro
1189 4193 1351 4280 regalibus,
1364 4207 1471 4257 contra
1486 4193 1717 4259 Cassellensem.

453 4301 550 4364 Anno
566 4295 627 4360 ΜΟ.
643 4295 782 4379 cclxviij.
801 4295 969 4359 Koneowir
989 4296 1019 4359 0
1036 4295 1119 4359 Bren
1139 4309 1171 4360 et
1188 4295 1348 4361 Johannes
1363 4297 1447 4362 filius
1466 4297 1533 4383 ejus
1552 4297 1707 4365 interfecti
1731 4317 1803 4368 sunt
1822 4330 1840 4370 a

519 4399 680 4468 Dermicio
691 4399 925 4466 Maemurierdi.
967 4399 1106 4465 Thomas
1116 4399 1279 4489 episcopus
1289 4402 1493 4468 Lismorensis
1505 4417 1612 4491 eaptus
1624 4418 1671 4470 est
1681 4430 1699 4470 a
1711 4405 1841 4474 Matheo

1807 4515 1836 4581 le
