4446 5406
1151 633 1169 682 2

468 795 565 860 Anno
580 794 747 861 centesimo
762 792 867 880 xxiiij.
885 792 993 860 Sixtus
1004 816 1085 880 papa
1098 793 1259 858 constituit
1271 802 1288 830 “
1298 801 1441 858 sanctus’'
1455 793 1571 859 cantari
1580 793 1614 858 in
1629 793 1728 858 missa.

468 903 564 966 Anno
579 900 747 967 centesimo
766 898 895 984 xxxiiij.
921 897 1127 984 Tellophorus
1150 920 1231 984 papa
1253 895 1414 961 constituit
1441 896 1570 986 “gloria
1588 897 1622 962 in
1644 895 1796 963 excelsis”
1819 908 1852 959 et

533 1005 800 1094 quadragesimam
810 1004 963 1090 jejunare.

467 1113 564 1178 Anno
579 1111 746 1177 centesimo
760 1110 816 1175 lvi.
832 1109 948 1174 Lucius
962 1132 1020 1174 rex
1031 1107 1207 1173 Brittannis
1222 1107 1407 1173 christianus
1422 1107 1563 1184 efficitur,
1585 1109 1643 1172 sub
1658 1132 1739 1196 papa
1754 1107 1850 1172 Eleu·

534 1217 643 1283 theri0.

474 1325 572 1389 Anno
587 1322 754 1390 centesimo
776 1321 841 1408 lvij.
868 1321 988 1408 Aquila
1014 1320 1132 1409 primus
1153 1319 1304 1407 interpres
1330 1343 1372 1384 ex
1394 1320 1509 1386 hebreo
1532 1319 1566 1384 in
1586 1343 1713 1408 grecum
1736 1319 1850 1398 floruit,

535 1429 675 1494 Adriano
690 1440 847 1517 regnante.

471 1535 568 1600 Anno
582 1534 750 1600 centesimo
764 1533 895 1619 lxxxiij.
909 1531 1104 1598 Theodosius
1117 1531 1269 1618 interpres
1280 1555 1322 1598 ex
1337 1531 1452 1596 hebreo
1467 1531 1501 1596 in
1516 1554 1643 1620 grecum
1659 1530 1773 1608 floruit,
1790 1531 1850 1595 Co-

534 1641 627 1705 modo
642 1654 800 1729 regnante.

469 1745 566 1809 Auno
580 1747 748 1812 centesimo
764 1746 856 1830 [lxx]
873 1744 963 1831 xviij.
981 1745 1132 1833 Symacus
1145 1743 1297 1832 interpres
1311 1758 1344 1810 et
1358 1744 1571 1810 Tertullianus
1584 1745 1763 1810 floruertmt.

470 1907 634 2093 ANNO
650 1907 861 1974 ducentesimo
875 1906 908 1991 ij.
924 1905 1037 1972 Victor
1051 1930 1131 1993 papa
1148 1906 1309 1972 constituit
1325 1922 1360 1972 ut
1374 1908 1470 2010 Pasce
1481 1909 1532 1974 die
1544 1909 1701 1975 dominico
1715 1911 1850 1976 celebra·

562 2029 655 2081 retur.

469 2229 565 2294 Anno
580 2227 792 2293 ducentesimo
806 2226 912 2312 xxiiij.
929 2225 991 2292 Ob.
1002 2225 1200 2300 Aurelianus,
1216 2227 1362 2292 successit
1376 2227 1560 2293 Alexander
1575 2253 1662 2316 papa.
1700 2231 1852 2317 Origenes

533 2332 652 2399 clausit.

468 2441 565 2504 Anno
580 2437 792 2504 ducentesimo
807 2437 937 2522 xxxiiij.
954 2437 1104 2501 Invencio
1118 2449 1222 2502 sancte
1237 2438 1346 2503 crucis.

469 2545 567 2609 Anno
582 2543 795 2608 ducentesimo
810 2542 888 2608 xlvi.
904 2541 1072 2629 Philippus
1086 2543 1204 2629 primus
1218 2543 1386 2631 imperator
1400 2545 1593 2611 christianus.

468 2653 565 2715 Anno
580 2647 791 2714 ducentesimo
806 2649 885 2712 xlix.
902 2647 1088 2713 Millesimus
1103 2673 1203 2712 annus
1217 2652 1256 2714 ab
1272 2652 1348 2714 urbe
1362 2651 1497 2716 condita.

469 2757 566 2820 Anno
581 2753 793 2820 ducentesimo
808 2754 849 2818 lv.
865 2753 1048 2818 Anastasius
1063 2768 1095 2818 et
1109 2754 1262 2819 Hillarius
1276 2756 1461 2821 claruerunt.
1486 2757 1627 2822 Donatus
1641 2759 1715 2824 artis
1729 2785 1850 2848 grama-

534 2861 595 2927 tice
610 2859 748 2947 scriptor.

468 2969 566 3032 Anno
581 2965 792 3032 ducentesimo
806 2965 873 3030 lxv.
891 2965 1000 3031 Sixtus
1013 2989 1095 3053 papa
1105 2981 1137 3031 et
1148 2967 1255 3032 beatus
1267 2967 1457 3033 Laurencius
1468 2969 1647 3035 martirizati
1656 2985 1736 3036 sunt.
1774 2973 1852 3040 Ossa

532 3073 615 3139 beati
630 3071 758 3137 Andree
773 3084 804 3136 et
818 3071 902 3137 beati
916 3070 1003 3137 Luce
1018 3071 1226 3159 apostolorum
1236 3073 1537 3161 Constantinopolim
1549 3075 1734 3142 claruerunt.

468 3179 566 3244 Anno
581 3179 791 3245 ducentesimo
805 3177 932 3242 lxxxvi.
950 3177 1080 3244 Sanctus
1095 3178 1239 3244 Albanus
1254 3179 1503 3265 marti[ri]zatur.

540 3347 634 3413 NNO
650 3345 858 3412 tricentesimo
873 3345 938 3410 xvi.
957 3345 1106 3412 silvester
1120 3370 1200 3434 papa
1214 3347 1303 3411 annis
1318 3346 1447 3435 triginta
1461 3347 1568 3414 tribus.

561 3454 658 3517 Anno
673 3451 881 3517 tricentesimo
895 3450 989 3536 xliiij.
1005 3451 1130 3517 Marcus
1146 3476 1226 3539 papa
1239 3453 1400 3518 constituit
1416 3464 1434 3492 “
1443 3453 1536 3519 credo
1546 3463 1562 3488 ”
1576 3455 1609 3518 in
1621 3455 1721 3521 missa.

467 3562 564 3625 Anno
579 3556 787 3624 tricentesimo
797 3555 879 3620 lxix.
892 3555 953 3621 Ob.
966 3555 1125 3623 Ambrosii
1138 3556 1379 3623 Mediolanensis
1391 3558 1536 3647 episcopi.
1582 3559 1707 3626 Marcus
1716 3561 1851 3628 Turonis

532 3664 694 3753 episcopus
705 3662 824 3728 olamit.

564 3931 649 4018 quod
665 3931 819 3994 Dominus
829 3927 931 4014 jacuit
944 3928 979 3992 in
993 3929 1166 4016 sepulchro.

470 4045 566 4106 Anno
582 4034 884 4123 quadringentesimo
895 4059 927 4098 x.
940 4033 1090 4099 lnvencio
1099 4034 1234 4123 corporis
1247 4036 1342 4101 sancti
1355 4036 1515 4123 Stephani.
1559 4040 1756 4127 Augustinus
1768 4067 1850 4107 com-

536 4143 638 4232 posuit
651 4142 766 4206 librum
782 4140 990 4205 “decivitate
1006 4138 1085 4204 dci.”

470 4255 566 4316 Anno
582 4245 886 4334 quadringentesimo
902 4244 958 4329 xij.
975 4245 1035 4310 Ob.
1052 4244 1182 4310 Martini
1197 4247 1335 4313 Turonis
1350 4248 1496 4336 episcopi.

469 4360 565 4421 Anno
580 4352 885 4441 quadringentesimo
900 4351 968 4436 xiij.
984 4351 1163 4417 Jeronimus
1188 4353 1307 4418 claruit.
1354 4355 1477 4442 Corpus
1499 4357 1581 4421 boati
1604 4357 1756 4424 Johannis
1776 4364 1851 4449 bap-

532 4462 602 4528 tiste
618 4457 920 4546 Constantinopolim
936 4471 982 4522 est
996 4456 1143 4523 delatum.

1758 4575 1854 4640 Anno
