<?xml version="1.0" encoding="UTF-8"?>
<!DOCTYPE html PUBLIC "-//W3C//DTD XHTML 1.0 Transitional//EN"
    "http://www.w3.org/TR/xhtml1/DTD/xhtml1-transitional.dtd">
<html xmlns="http://www.w3.org/1999/xhtml" xml:lang="en" lang="en">
 <head>
  <title>
</title>
<meta http-equiv="Content-Type" content="text/html;charset=utf-8" />
  <meta name='ocr-system' content='tesseract 3.04.00' />
  <meta name='ocr-capabilities' content='ocr_page ocr_carea ocr_par ocr_line ocrx_word'/>
</head>
<body>
  <div class='ocr_page' id='page_1' title='image "./annalesdemontef00socigoog_0024.png"; bbox 0 0 4446 5406; ppageno 0'>
   <div class='ocr_carea' id='block_1_1' title="bbox 1143 653 1185 722">
    <p class='ocr_par' dir='ltr' id='par_1_1' title="bbox 1143 653 1185 722">
     <span class='ocr_line' id='line_1_1' title="bbox 1143 653 1185 722; baseline 0 0"><span class='ocrx_word' id='word_1_1' title='bbox 1143 653 1185 722; x_wconf 92' lang='lat'>16</span> 
     </span>
    </p>
   </div>
   <div class='ocr_carea' id='block_1_2' title="bbox 469 833 1861 3778">
    <p class='ocr_par' dir='ltr' id='par_1_2' title="bbox 535 833 1857 1134">
     <span class='ocr_line' id='line_1_2' title="bbox 537 833 1857 923; baseline -0.001 -26"><span class='ocrx_word' id='word_1_2' title='bbox 537 834 616 898; x_wconf 87' lang='lat' dir='ltr'>Item</span> <span class='ocrx_word' id='word_1_3' title='bbox 631 834 680 898; x_wconf 90' lang='lat' dir='ltr'>ob.</span> <span class='ocrx_word' id='word_1_4' title='bbox 696 833 841 898; x_wconf 89' lang='lat' dir='ltr'>dominus</span> <span class='ocrx_word' id='word_1_5' title='bbox 858 833 1040 898; x_wconf 89' lang='lat' dir='ltr'>Remundus</span> <span class='ocrx_word' id='word_1_6' title='bbox 1056 834 1094 899; x_wconf 91' lang='lat' dir='ltr'>de</span> <span class='ocrx_word' id='word_1_7' title='bbox 1110 835 1226 923; x_wconf 88' lang='lat' dir='ltr'>Burgo.</span> <span class='ocrx_word' id='word_1_8' title='bbox 1272 835 1351 900; x_wconf 88' lang='lat' dir='ltr'>Item</span> <span class='ocrx_word' id='word_1_9' title='bbox 1372 847 1505 899; x_wconf 76' lang='lat' dir='ltr'>castrum</span> <span class='ocrx_word' id='word_1_10' title='bbox 1525 833 1564 899; x_wconf 90' lang='lat' dir='ltr'>de</span> <span class='ocrx_word' id='word_1_11' title='bbox 1585 833 1711 899; x_wconf 90' lang='lat' dir='ltr'>Adlehc</span> <span class='ocrx_word' id='word_1_12' title='bbox 1725 847 1857 921; x_wconf 89' lang='lat' dir='ltr'>prostra-</span> 
     </span>
     <span class='ocr_line' id='line_1_3' title="bbox 536 939 1856 1016; baseline 0.001 -14"><span class='ocrx_word' id='word_1_13' title='bbox 536 951 603 1002; x_wconf 90' lang='lat' dir='ltr'>tum</span> <span class='ocrx_word' id='word_1_14' title='bbox 618 952 749 1004; x_wconf 83' lang='lat' dir='ltr'>estante</span> <span class='ocrx_word' id='word_1_15' title='bbox 765 939 1051 1016; x_wconf 89' lang='lat' dir='ltr'>annunciaciouem‚</span> <span class='ocrx_word' id='word_1_16' title='bbox 1072 951 1104 1005; x_wconf 93' lang='lat' dir='ltr'>et</span> <span class='ocrx_word' id='word_1_17' title='bbox 1120 940 1263 1005; x_wconf 76' lang='lat' dir='ltr'>Castrum</span> <span class='ocrx_word' id='word_1_18' title='bbox 1283 941 1322 1006; x_wconf 88' lang='lat' dir='ltr'>de</span> <span class='ocrx_word' id='word_1_19' title='bbox 1338 941 1512 1004; x_wconf 87' lang='lat' dir='ltr'>Roscoman</span> <span class='ocrx_word' id='word_1_20' title='bbox 1527 939 1560 1004; x_wconf 92' lang='lat' dir='ltr'>in</span> <span class='ocrx_word' id='word_1_21' title='bbox 1576 940 1627 1004; x_wconf 85' lang='lat' dir='ltr'>die</span> <span class='ocrx_word' id='word_1_22' title='bbox 1651 986 1856 1013; x_wconf 89' lang='grc'><strong>........</strong></span> 
     </span>
     <span class='ocr_line' id='line_1_4' title="bbox 535 1043 934 1134; baseline 0.008 -26"><span class='ocrx_word' id='word_1_23' title='bbox 535 1057 567 1108; x_wconf 89' lang='lat' dir='ltr'>et</span> <span class='ocrx_word' id='word_1_24' title='bbox 583 1043 727 1108; x_wconf 80' lang='lat' dir='ltr'>Castrum</span> <span class='ocrx_word' id='word_1_25' title='bbox 744 1045 783 1110; x_wconf 87' lang='lat' dir='ltr'>de</span> <span class='ocrx_word' id='word_1_26' title='bbox 801 1045 934 1134; x_wconf 84' lang='lat' dir='ltr'>Sligaht.</span> 
     </span>
    </p>

    <p class='ocr_par' dir='ltr' id='par_1_3' title="bbox 469 1150 1861 2081">
     <span class='ocr_line' id='line_1_5' title="bbox 469 1150 1858 1241; baseline -0.001 -25"><span class='ocrx_word' id='word_1_27' title='bbox 469 1153 566 1219; x_wconf 89' lang='lat' dir='ltr'>Anno</span> <span class='ocrx_word' id='word_1_28' title='bbox 579 1153 640 1218; x_wconf 62' lang='grc' dir='ltr'>ΜΟ.</span> <span class='ocrx_word' id='word_1_29' title='bbox 657 1154 786 1240; x_wconf 86' lang='lat' dir='ltr'>chxxij.</span> <span class='ocrx_word' id='word_1_30' title='bbox 800 1154 954 1220; x_wconf 87' lang='lat' dir='ltr'>Dominus</span> <span class='ocrx_word' id='word_1_31' title='bbox 964 1155 1069 1221; x_wconf 85' lang='lat' dir='ltr'>James</span> <span class='ocrx_word' id='word_1_32' title='bbox 1084 1156 1123 1220; x_wconf 91' lang='lat' dir='ltr'>de</span> <span class='ocrx_word' id='word_1_33' title='bbox 1135 1155 1260 1221; x_wconf 88' lang='lat' dir='ltr'>Audele</span> <span class='ocrx_word' id='word_1_34' title='bbox 1267 1154 1459 1241; x_wconf 80' lang='lat' dir='ltr'>justiciarius</span> <span class='ocrx_word' id='word_1_35' title='bbox 1471 1154 1624 1220; x_wconf 89' lang='lat' dir='ltr'>Hibemie</span> <span class='ocrx_word' id='word_1_36' title='bbox 1639 1153 1732 1240; x_wconf 86' lang='lat' dir='ltr'>fregit</span> <span class='ocrx_word' id='word_1_37' title='bbox 1743 1150 1858 1216; x_wconf 87' lang='lat' dir='ltr'>collum</span> 
     </span>
     <span class='ocr_line' id='line_1_6' title="bbox 533 1254 1860 1348; baseline -0.006 -24"><span class='ocrx_word' id='word_1_38' title='bbox 533 1284 624 1324; x_wconf 90' lang='lat' dir='ltr'>suum</span> <span class='ocrx_word' id='word_1_39' title='bbox 644 1260 678 1324; x_wconf 90' lang='lat' dir='ltr'>iu</span> <span class='ocrx_word' id='word_1_40' title='bbox 697 1259 815 1348; x_wconf 80' lang='lat' dir='ltr'>vigiliis</span> <span class='ocrx_word' id='word_1_41' title='bbox 833 1260 917 1326; x_wconf 86' lang='lat' dir='ltr'>beati</span> <span class='ocrx_word' id='word_1_42' title='bbox 935 1259 1089 1325; x_wconf 78' lang='lat' dir='ltr'>Iohannis</span> <span class='ocrx_word' id='word_1_43' title='bbox 1109 1259 1252 1346; x_wconf 80' lang='lat' dir='ltr'>baptiste,</span> <span class='ocrx_word' id='word_1_44' title='bbox 1277 1259 1328 1324; x_wconf 90' lang='lat' dir='ltr'>cui</span> <span class='ocrx_word' id='word_1_45' title='bbox 1349 1257 1495 1323; x_wconf 88' lang='lat' dir='ltr'>successit</span> <span class='ocrx_word' id='word_1_46' title='bbox 1517 1259 1662 1323; x_wconf 88' lang='lat' dir='ltr'>dominus</span> <span class='ocrx_word' id='word_1_47' title='bbox 1688 1254 1860 1320; x_wconf 80' lang='lat' dir='ltr'>Mauricius</span> 
     </span>
     <span class='ocr_line' id='line_1_7' title="bbox 533 1363 1860 1453; baseline -0.004 -24"><span class='ocrx_word' id='word_1_48' title='bbox 533 1365 616 1431; x_wconf 88' lang='lat' dir='ltr'>filius</span> <span class='ocrx_word' id='word_1_49' title='bbox 631 1366 788 1432; x_wconf 88' lang='lat' dir='ltr'>Mauricii.</span> <span class='ocrx_word' id='word_1_50' title='bbox 833 1368 977 1432; x_wconf 83' lang='lat' dir='ltr'>Castrum</span> <span class='ocrx_word' id='word_1_51' title='bbox 994 1367 1032 1431; x_wconf 92' lang='lat' dir='ltr'>de</span> <span class='ocrx_word' id='word_1_52' title='bbox 1049 1366 1184 1431; x_wconf 82' lang='lat' dir='ltr'>Rendun</span> <span class='ocrx_word' id='word_1_53' title='bbox 1203 1367 1407 1453; x_wconf 82' lang='lat' dir='ltr'>prosternitur</span> <span class='ocrx_word' id='word_1_54' title='bbox 1422 1365 1455 1430; x_wconf 90' lang='lat' dir='ltr'>in</span> <span class='ocrx_word' id='word_1_55' title='bbox 1470 1365 1522 1431; x_wconf 93' lang='lat' dir='ltr'>die</span> <span class='ocrx_word' id='word_1_56' title='bbox 1537 1363 1740 1431; x_wconf 83' lang='lat' dir='ltr'>exaltacionis</span> <span class='ocrx_word' id='word_1_57' title='bbox 1756 1377 1860 1426; x_wconf 88' lang='lat' dir='ltr'>sancte</span> 
     </span>
     <span class='ocr_line' id='line_1_8' title="bbox 534 1465 1860 1559; baseline -0.006 -21"><span class='ocrx_word' id='word_1_58' title='bbox 534 1473 642 1538; x_wconf 88' lang='lat' dir='ltr'>crucis.</span> <span class='ocrx_word' id='word_1_59' title='bbox 687 1473 768 1538; x_wconf 90' lang='lat' dir='ltr'>Item</span> <span class='ocrx_word' id='word_1_60' title='bbox 790 1475 840 1539; x_wconf 88' lang='lat' dir='ltr'>ob.</span> <span class='ocrx_word' id='word_1_61' title='bbox 860 1473 1004 1538; x_wconf 90' lang='lat' dir='ltr'>dominus</span> <span class='ocrx_word' id='word_1_62' title='bbox 1025 1470 1182 1536; x_wconf 90' lang='lat' dir='ltr'>Henricus</span> <span class='ocrx_word' id='word_1_63' title='bbox 1203 1495 1261 1536; x_wconf 87' lang='lat' dir='ltr'>rex</span> <span class='ocrx_word' id='word_1_64' title='bbox 1281 1471 1400 1559; x_wconf 84' lang='lat' dir='ltr'>Anglie</span> <span class='ocrx_word' id='word_1_65' title='bbox 1423 1471 1472 1553; x_wconf 91' lang='lat' dir='ltr'>[in</span> <span class='ocrx_word' id='word_1_66' title='bbox 1495 1471 1562 1556; x_wconf 89' lang='lat' dir='ltr'>die]</span> <span class='ocrx_word' id='word_1_67' title='bbox 1584 1470 1682 1535; x_wconf 87' lang='lat' dir='ltr'>sancti</span> <span class='ocrx_word' id='word_1_68' title='bbox 1697 1465 1860 1533; x_wconf 84' lang='lat' dir='ltr'>Edmundi</span> 
     </span>
     <span class='ocr_line' id='line_1_9' title="bbox 534 1571 1860 1659; baseline -0.004 -19"><span class='ocrx_word' id='word_1_69' title='bbox 534 1575 723 1641; x_wconf 86' lang='lat' dir='ltr'>confessoris.</span> <span class='ocrx_word' id='word_1_70' title='bbox 769 1573 849 1638; x_wconf 85' lang='lat' dir='ltr'>Item</span> <span class='ocrx_word' id='word_1_71' title='bbox 862 1571 954 1637; x_wconf 85' lang='lat' dir='ltr'>frater</span> <span class='ocrx_word' id='word_1_72' title='bbox 964 1572 1124 1637; x_wconf 79' lang='lat' dir='ltr'>Iohannes</span> <span class='ocrx_word' id='word_1_73' title='bbox 1136 1574 1280 1639; x_wconf 89' lang='lat' dir='ltr'>Tancard</span> <span class='ocrx_word' id='word_1_74' title='bbox 1287 1574 1477 1659; x_wconf 84' lang='lat' dir='ltr'>justiciarius</span> <span class='ocrx_word' id='word_1_75' title='bbox 1489 1574 1643 1640; x_wconf 84' lang='lat' dir='ltr'>Hibernis</span> <span class='ocrx_word' id='word_1_76' title='bbox 1655 1573 1809 1639; x_wconf 88' lang='lat' dir='ltr'>veniendo</span> <span class='ocrx_word' id='word_1_77' title='bbox 1820 1572 1860 1636; x_wconf 91' lang='lat' dir='ltr'>de</span> 
     </span>
     <span class='ocr_line' id='line_1_10' title="bbox 533 1675 1861 1769; baseline -0.005 -23"><span class='ocrx_word' id='word_1_78' title='bbox 533 1680 670 1769; x_wconf 90' lang='lat' dir='ltr'>capitulo</span> <span class='ocrx_word' id='word_1_79' title='bbox 687 1677 832 1768; x_wconf 83' lang='lat' dir='ltr'>generali,</span> <span class='ocrx_word' id='word_1_80' title='bbox 845 1677 928 1742; x_wconf 88' lang='lat' dir='ltr'>circa</span> <span class='ocrx_word' id='word_1_81' title='bbox 943 1676 1110 1742; x_wconf 87' lang='lat' dir='ltr'>advincula</span> <span class='ocrx_word' id='word_1_82' title='bbox 1122 1676 1218 1741; x_wconf 92' lang='lat' dir='ltr'>Petri.</span> <span class='ocrx_word' id='word_1_83' title='bbox 1255 1677 1336 1742; x_wconf 82' lang='lat' dir='ltr'>Item</span> <span class='ocrx_word' id='word_1_84' title='bbox 1349 1678 1398 1742; x_wconf 92' lang='lat' dir='ltr'>ob.</span> <span class='ocrx_word' id='word_1_85' title='bbox 1410 1675 1503 1742; x_wconf 87' lang='lat' dir='ltr'>frater</span> <span class='ocrx_word' id='word_1_86' title='bbox 1515 1677 1702 1743; x_wconf 80' lang='lat' dir='ltr'>Eustachius</span> <span class='ocrx_word' id='word_1_87' title='bbox 1713 1676 1751 1740; x_wconf 92' lang='lat' dir='ltr'>de</span> <span class='ocrx_word' id='word_1_88' title='bbox 1764 1676 1861 1741; x_wconf 87' lang='lat' dir='ltr'>Pren-</span> 
     </span>
     <span class='ocr_line' id='line_1_11' title="bbox 534 1782 1859 1875; baseline -0.007 -24"><span class='ocrx_word' id='word_1_89' title='bbox 534 1787 658 1875; x_wconf 87' lang='lat' dir='ltr'>dergast</span> <span class='ocrx_word' id='word_1_90' title='bbox 671 1785 705 1850; x_wconf 91' lang='lat' dir='ltr'>in</span> <span class='ocrx_word' id='word_1_91' title='bbox 721 1785 772 1850; x_wconf 90' lang='lat' dir='ltr'>die</span> <span class='ocrx_word' id='word_1_92' title='bbox 787 1783 885 1849; x_wconf 89' lang='lat' dir='ltr'>sancti</span> <span class='ocrx_word' id='word_1_93' title='bbox 902 1782 1038 1847; x_wconf 81' lang='lat' dir='ltr'>Eraristi</span> <span class='ocrx_word' id='word_1_94' title='bbox 1054 1807 1133 1870; x_wconf 89' lang='lat' dir='ltr'>pape</span> <span class='ocrx_word' id='word_1_95' title='bbox 1149 1797 1180 1847; x_wconf 87' lang='lat' dir='ltr'>et</span> <span class='ocrx_word' id='word_1_96' title='bbox 1194 1783 1348 1871; x_wconf 87' lang='lat' dir='ltr'>martyris.</span> <span class='ocrx_word' id='word_1_97' title='bbox 1388 1783 1469 1847; x_wconf 91' lang='lat' dir='ltr'>Item</span> <span class='ocrx_word' id='word_1_98' title='bbox 1485 1785 1533 1849; x_wconf 93' lang='lat' dir='ltr'>ob.</span> <span class='ocrx_word' id='word_1_99' title='bbox 1550 1784 1661 1854; x_wconf 85' lang='lat' dir='ltr'>Petrus</span> <span class='ocrx_word' id='word_1_100' title='bbox 1675 1783 1704 1847; x_wconf 92' lang='lat' dir='ltr'>Ie</span> <span class='ocrx_word' id='word_1_101' title='bbox 1724 1783 1820 1868; x_wconf 89' lang='lat' dir='ltr'>Petyt</span> <span class='ocrx_word' id='word_1_102' title='bbox 1830 1805 1859 1842; x_wconf 87' lang='lat' dir='ltr'>v.</span> 
     </span>
     <span class='ocr_line' id='line_1_12' title="bbox 534 1886 1861 1976; baseline -0.005 -20"><span class='ocrx_word' id='word_1_103' title='bbox 534 1916 631 1958; x_wconf 87' lang='lat' dir='ltr'>nouas</span> <span class='ocrx_word' id='word_1_104' title='bbox 640 1891 757 1956; x_wconf 91' lang='lat' dir='ltr'>marcii.</span> <span class='ocrx_word' id='word_1_105' title='bbox 801 1890 883 1954; x_wconf 85' lang='lat' dir='ltr'>Item</span> <span class='ocrx_word' id='word_1_106' title='bbox 893 1888 987 1952; x_wconf 86' lang='lat' dir='ltr'>frater</span> <span class='ocrx_word' id='word_1_107' title='bbox 999 1888 1137 1953; x_wconf 84' lang='lat' dir='ltr'>Thomas</span> <span class='ocrx_word' id='word_1_108' title='bbox 1148 1888 1187 1953; x_wconf 89' lang='lat' dir='ltr'>dc</span> <span class='ocrx_word' id='word_1_109' title='bbox 1202 1887 1381 1976; x_wconf 85' lang='lat' dir='ltr'>Suynisfeld</span> <span class='ocrx_word' id='word_1_110' title='bbox 1391 1887 1489 1954; x_wconf 87' lang='lat' dir='ltr'>sactus</span> <span class='ocrx_word' id='word_1_111' title='bbox 1498 1907 1544 1954; x_wconf 89' lang='lat' dir='ltr'>est</span> <span class='ocrx_word' id='word_1_112' title='bbox 1548 1887 1739 1974; x_wconf 86' lang='lat' dir='ltr'>justiciarius</span> <span class='ocrx_word' id='word_1_113' title='bbox 1746 1886 1861 1951; x_wconf 90' lang='lat' dir='ltr'>Hiber·</span> 
     </span>
     <span class='ocr_line' id='line_1_13' title="bbox 533 1993 1486 2081; baseline -0.003 -20"><span class='ocrx_word' id='word_1_114' title='bbox 533 1999 594 2074; x_wconf 87' lang='lat' dir='ltr'>nie,</span> <span class='ocrx_word' id='word_1_115' title='bbox 610 2013 641 2063; x_wconf 88' lang='lat' dir='ltr'>et</span> <span class='ocrx_word' id='word_1_116' title='bbox 660 1997 749 2062; x_wconf 87' lang='lat' dir='ltr'>venit</span> <span class='ocrx_word' id='word_1_117' title='bbox 762 1995 801 2061; x_wconf 85' lang='lat' dir='ltr'>ad</span> <span class='ocrx_word' id='word_1_118' title='bbox 814 1995 999 2059; x_wconf 89' lang='lat' dir='ltr'>Hiberniam</span> <span class='ocrx_word' id='word_1_119' title='bbox 1012 2007 1081 2081; x_wconf 92' lang='lat' dir='ltr'>post</span> <span class='ocrx_word' id='word_1_120' title='bbox 1095 1993 1206 2058; x_wconf 86' lang='lat' dir='ltr'>festum</span> <span class='ocrx_word' id='word_1_121' title='bbox 1222 1995 1305 2059; x_wconf 89' lang='lat' dir='ltr'>beati</span> <span class='ocrx_word' id='word_1_122' title='bbox 1320 1994 1486 2059; x_wconf 80' lang='lat' dir='ltr'>Francisci,</span> 
     </span>
    </p>

    <p class='ocr_par' dir='ltr' id='par_1_4' title="bbox 470 2097 1861 3356">
     <span class='ocr_line' id='line_1_14' title="bbox 470 2097 1861 2187; baseline -0.006 -19"><span class='ocrx_word' id='word_1_123' title='bbox 470 2104 596 2168; x_wconf 81' lang='lat' dir='ltr'>Aunot</span> <span class='ocrx_word' id='word_1_124' title='bbox 620 2107 643 2166; x_wconf 88' lang='lat'>⁰.</span> <span class='ocrx_word' id='word_1_125' title='bbox 660 2101 802 2186; x_wconf 80' lang='lat' dir='ltr'>cclxxiij.</span> <span class='ocrx_word' id='word_1_126' title='bbox 818 2101 858 2165; x_wconf 92' lang='grc' dir='ltr'>Ο.</span> <span class='ocrx_word' id='word_1_127' title='bbox 874 2101 946 2165; x_wconf 86' lang='lat' dir='ltr'>Rex</span> <span class='ocrx_word' id='word_1_128' title='bbox 962 2100 1111 2164; x_wconf 88' lang='lat' dir='ltr'>Conactie</span> <span class='ocrx_word' id='word_1_129' title='bbox 1134 2100 1206 2163; x_wconf 92' lang='lat' dir='ltr'>dolo</span> <span class='ocrx_word' id='word_1_130' title='bbox 1228 2099 1312 2187; x_wconf 89' lang='lat' dir='ltr'>cepit</span> <span class='ocrx_word' id='word_1_131' title='bbox 1336 2099 1366 2165; x_wconf 94' lang='grc' dir='ltr'><strong>Ο</strong></span> <span class='ocrx_word' id='word_1_132' title='bbox 1385 2099 1477 2186; x_wconf 85' lang='lat' dir='ltr'>Flyn,</span> <span class='ocrx_word' id='word_1_133' title='bbox 1498 2099 1532 2163; x_wconf 91' lang='lat' dir='ltr'>id</span> <span class='ocrx_word' id='word_1_134' title='bbox 1552 2115 1606 2176; x_wconf 87' lang='lat' dir='ltr'>est,</span> <span class='ocrx_word' id='word_1_135' title='bbox 1623 2098 1723 2163; x_wconf 88' lang='lat' dir='ltr'>“roht</span> <span class='ocrx_word' id='word_1_136' title='bbox 1741 2097 1861 2185; x_wconf 88' lang='lat' dir='ltr'>nephe”</span> 
     </span>
     <span class='ocr_line' id='line_1_15' title="bbox 536 2203 1861 2296; baseline -0.005 -22"><span class='ocrx_word' id='word_1_137' title='bbox 536 2234 629 2296; x_wconf 91' lang='lat' dir='ltr'>quem</span> <span class='ocrx_word' id='word_1_138' title='bbox 648 2207 812 2274; x_wconf 81' lang='lat' dir='ltr'>excecavit</span> <span class='ocrx_word' id='word_1_139' title='bbox 831 2205 913 2271; x_wconf 90' lang='lat' dir='ltr'>circa</span> <span class='ocrx_word' id='word_1_140' title='bbox 930 2229 1030 2292; x_wconf 87' lang='lat' dir='ltr'>pasca.</span> <span class='ocrx_word' id='word_1_141' title='bbox 1075 2207 1156 2270; x_wconf 89' lang='lat' dir='ltr'>Item</span> <span class='ocrx_word' id='word_1_142' title='bbox 1170 2206 1349 2272; x_wconf 81' lang='lat' dir='ltr'>interfectus</span> <span class='ocrx_word' id='word_1_143' title='bbox 1364 2220 1410 2270; x_wconf 93' lang='lat' dir='ltr'>est</span> <span class='ocrx_word' id='word_1_144' title='bbox 1425 2205 1637 2271; x_wconf 88' lang='lat' dir='ltr'>Makemahon</span> <span class='ocrx_word' id='word_1_145' title='bbox 1652 2205 1734 2270; x_wconf 87' lang='lat' dir='ltr'>circa</span> <span class='ocrx_word' id='word_1_146' title='bbox 1748 2203 1861 2268; x_wconf 90' lang='lat' dir='ltr'>festum</span> 
     </span>
     <span class='ocr_line' id='line_1_16' title="bbox 534 2310 1861 2396; baseline -0.006 -15"><span class='ocrx_word' id='word_1_147' title='bbox 534 2314 618 2381; x_wconf 86' lang='lat' dir='ltr'>beati</span> <span class='ocrx_word' id='word_1_148' title='bbox 638 2313 800 2380; x_wconf 78' lang='lat' dir='ltr'>Iohannis.</span> <span class='ocrx_word' id='word_1_149' title='bbox 850 2313 931 2377; x_wconf 85' lang='lat' dir='ltr'>Item</span> <span class='ocrx_word' id='word_1_150' title='bbox 951 2311 1095 2375; x_wconf 91' lang='lat' dir='ltr'>dominus</span> <span class='ocrx_word' id='word_1_151' title='bbox 1116 2311 1276 2376; x_wconf 85' lang='lat' dir='ltr'>Galfridus</span> <span class='ocrx_word' id='word_1_152' title='bbox 1295 2311 1335 2376; x_wconf 89' lang='lat' dir='ltr'>de</span> <span class='ocrx_word' id='word_1_153' title='bbox 1350 2311 1503 2376; x_wconf 89' lang='lat' dir='ltr'>Genevilc</span> <span class='ocrx_word' id='word_1_154' title='bbox 1524 2311 1610 2376; x_wconf 88' lang='lat' dir='ltr'>venit</span> <span class='ocrx_word' id='word_1_155' title='bbox 1631 2334 1729 2396; x_wconf 88' lang='lat' dir='ltr'>usque</span> <span class='ocrx_word' id='word_1_156' title='bbox 1745 2310 1861 2375; x_wconf 92' lang='lat' dir='ltr'>Hiber-</span> 
     </span>
     <span class='ocr_line' id='line_1_17' title="bbox 535 2415 1860 2503; baseline -0.003 -19"><span class='ocrx_word' id='word_1_157' title='bbox 535 2421 629 2497; x_wconf 85' lang='lat' dir='ltr'>niam,</span> <span class='ocrx_word' id='word_1_158' title='bbox 645 2420 684 2484; x_wconf 91' lang='lat' dir='ltr'>de</span> <span class='ocrx_word' id='word_1_159' title='bbox 701 2433 781 2484; x_wconf 88' lang='lat' dir='ltr'>terra</span> <span class='ocrx_word' id='word_1_160' title='bbox 796 2431 909 2494; x_wconf 87' lang='lat' dir='ltr'>sancta,</span> <span class='ocrx_word' id='word_1_161' title='bbox 926 2440 1035 2503; x_wconf 89' lang='lat' dir='ltr'>parum</span> <span class='ocrx_word' id='word_1_162' title='bbox 1051 2433 1122 2482; x_wconf 89' lang='lat' dir='ltr'>ante</span> <span class='ocrx_word' id='word_1_163' title='bbox 1138 2417 1250 2481; x_wconf 82' lang='lat' dir='ltr'>festum</span> <span class='ocrx_word' id='word_1_164' title='bbox 1264 2417 1348 2482; x_wconf 87' lang='lat' dir='ltr'>beati</span> <span class='ocrx_word' id='word_1_165' title='bbox 1364 2415 1531 2494; x_wconf 89' lang='lat' dir='ltr'>Francisci,</span> <span class='ocrx_word' id='word_1_166' title='bbox 1548 2431 1580 2482; x_wconf 93' lang='lat' dir='ltr'>et</span> <span class='ocrx_word' id='word_1_167' title='bbox 1594 2416 1692 2482; x_wconf 90' lang='lat' dir='ltr'>factus</span> <span class='ocrx_word' id='word_1_168' title='bbox 1711 2430 1757 2482; x_wconf 85' lang='lat' dir='ltr'>est</span> <span class='ocrx_word' id='word_1_169' title='bbox 1767 2415 1860 2501; x_wconf 87' lang='lat' dir='ltr'>justi·</span> 
     </span>
     <span class='ocr_line' id='line_1_18' title="bbox 535 2521 1860 2611; baseline -0.005 -20"><span class='ocrx_word' id='word_1_170' title='bbox 535 2527 647 2592; x_wconf 88' lang='lat' dir='ltr'>ciarius</span> <span class='ocrx_word' id='word_1_171' title='bbox 673 2525 836 2602; x_wconf 90' lang='lat' dir='ltr'>Hibemie,</span> <span class='ocrx_word' id='word_1_172' title='bbox 863 2537 933 2611; x_wconf 89' lang='lat' dir='ltr'>post</span> <span class='ocrx_word' id='word_1_173' title='bbox 954 2539 1077 2589; x_wconf 86' lang='lat' dir='ltr'>octavas</span> <span class='ocrx_word' id='word_1_174' title='bbox 1099 2524 1182 2589; x_wconf 86' lang='lat' dir='ltr'>beati</span> <span class='ocrx_word' id='word_1_175' title='bbox 1207 2524 1233 2588; x_wconf 85' lang='lat' dir='ltr'>F</span> <span class='ocrx_word' id='word_1_176' title='bbox 1235 2524 1372 2590; x_wconf 86' lang='lat' dir='ltr'>rancisci.</span> <span class='ocrx_word' id='word_1_177' title='bbox 1417 2525 1499 2589; x_wconf 87' lang='lat' dir='ltr'>Item</span> <span class='ocrx_word' id='word_1_178' title='bbox 1522 2523 1665 2588; x_wconf 91' lang='lat' dir='ltr'>dominus</span> <span class='ocrx_word' id='word_1_179' title='bbox 1689 2521 1860 2587; x_wconf 87' lang='lat' dir='ltr'>Mauricius</span> 
     </span>
     <span class='ocr_line' id='line_1_19' title="bbox 535 2629 1861 2717; baseline -0.004 -21"><span class='ocrx_word' id='word_1_180' title='bbox 535 2633 617 2697; x_wconf 86' lang='lat' dir='ltr'>filius</span> <span class='ocrx_word' id='word_1_181' title='bbox 632 2631 780 2696; x_wconf 87' lang='lat' dir='ltr'>Mauricii</span> <span class='ocrx_word' id='word_1_182' title='bbox 804 2644 837 2695; x_wconf 89' lang='lat' dir='ltr'>et</span> <span class='ocrx_word' id='word_1_183' title='bbox 855 2630 1001 2696; x_wconf 91' lang='lat' dir='ltr'>dominus</span> <span class='ocrx_word' id='word_1_184' title='bbox 1020 2630 1199 2695; x_wconf 86' lang='lat' dir='ltr'>Teobaldus</span> <span class='ocrx_word' id='word_1_185' title='bbox 1219 2629 1366 2717; x_wconf 84' lang='lat' dir='ltr'>pincerna</span> <span class='ocrx_word' id='word_1_186' title='bbox 1385 2629 1580 2694; x_wconf 84' lang='lat' dir='ltr'>intraverunt</span> <span class='ocrx_word' id='word_1_187' title='bbox 1595 2630 1813 2694; x_wconf 89' lang='lat' dir='ltr'>Totomomam</span> <span class='ocrx_word' id='word_1_188' title='bbox 1828 2642 1861 2692; x_wconf 90' lang='lat' dir='ltr'>et</span> 
     </span>
     <span class='ocr_line' id='line_1_20' title="bbox 536 2732 1860 2825; baseline -0.005 -23"><span class='ocrx_word' id='word_1_189' title='bbox 536 2737 786 2825; x_wconf 87' lang='lat' dir='ltr'>depredaverunt</span> <span class='ocrx_word' id='word_1_190' title='bbox 804 2759 881 2800; x_wconf 90' lang='lat' dir='ltr'>eam.</span> <span class='ocrx_word' id='word_1_191' title='bbox 929 2736 1009 2799; x_wconf 91' lang='lat' dir='ltr'>Item</span> <span class='ocrx_word' id='word_1_192' title='bbox 1030 2737 1080 2800; x_wconf 92' lang='lat' dir='ltr'>ob.</span> <span class='ocrx_word' id='word_1_193' title='bbox 1105 2735 1250 2799; x_wconf 89' lang='lat' dir='ltr'>dominus</span> <span class='ocrx_word' id='word_1_194' title='bbox 1266 2786 1369 2800; x_wconf 94' lang='grc'>.....</span> <span class='ocrx_word' id='word_1_195' title='bbox 1385 2735 1548 2822; x_wconf 89' lang='lat' dir='ltr'>episcopus</span> <span class='ocrx_word' id='word_1_196' title='bbox 1569 2733 1787 2800; x_wconf 88' lang='lat' dir='ltr'>Limericensis</span> <span class='ocrx_word' id='word_1_197' title='bbox 1807 2732 1860 2799; x_wconf 91' lang='lat' dir='ltr'>cui</span> 
     </span>
     <span class='ocr_line' id='line_1_21' title="bbox 535 2840 1860 2930; baseline -0.004 -22"><span class='ocrx_word' id='word_1_198' title='bbox 535 2842 681 2909; x_wconf 89' lang='lat' dir='ltr'>successit</span> <span class='ocrx_word' id='word_1_199' title='bbox 695 2841 841 2930; x_wconf 86' lang='lat' dir='ltr'>magister</span> <span class='ocrx_word' id='word_1_200' title='bbox 856 2840 1009 2906; x_wconf 88' lang='lat' dir='ltr'>Geraldus</span> <span class='ocrx_word' id='word_1_201' title='bbox 1019 2841 1049 2906; x_wconf 92' lang='lat' dir='ltr'>le</span> <span class='ocrx_word' id='word_1_202' title='bbox 1061 2841 1229 2906; x_wconf 85' lang='lat' dir='ltr'>Mareshal.</span> <span class='ocrx_word' id='word_1_203' title='bbox 1268 2843 1348 2905; x_wconf 87' lang='lat' dir='ltr'>Item</span> <span class='ocrx_word' id='word_1_204' title='bbox 1358 2846 1536 2906; x_wconf 82' lang='lat' dir='ltr'>visitatores</span> <span class='ocrx_word' id='word_1_205' title='bbox 1538 2844 1685 2926; x_wconf 83' lang='lat' dir='ltr'>fratrum</span> <span class='ocrx_word' id='word_1_206' title='bbox 1698 2845 1729 2904; x_wconf 82' lang='lat' dir='ltr'>in</span> <span class='ocrx_word' id='word_1_207' title='bbox 1742 2843 1860 2904; x_wconf 80' lang='lat' dir='ltr'>Hiber·</span> 
     </span>
     <span class='ocr_line' id='line_1_22' title="bbox 535 2950 1860 3034; baseline -0.003 -21"><span class='ocrx_word' id='word_1_208' title='bbox 535 2955 590 3013; x_wconf 83' lang='lat' dir='ltr'>nia</span> <span class='ocrx_word' id='word_1_209' title='bbox 600 2952 720 3014; x_wconf 83' lang='lat' dir='ltr'>scilicet</span> <span class='ocrx_word' id='word_1_210' title='bbox 724 2952 838 3034; x_wconf 83' lang='lat' dir='ltr'>frater</span> <span class='ocrx_word' id='word_1_211' title='bbox 855 2951 961 3012; x_wconf 84' lang='lat' dir='ltr'>Sz&#39;mon</span> <span class='ocrx_word' id='word_1_212' title='bbox 974 2959 1004 3011; x_wconf 86' lang='lat' dir='ltr'>et</span> <span class='ocrx_word' id='word_1_213' title='bbox 1011 2951 1124 3033; x_wconf 85' lang='lat' dir='ltr'>frater</span> <span class='ocrx_word' id='word_1_214' title='bbox 1135 2950 1257 3034; x_wconf 67' lang='grc' dir='ltr'><em>Μᾶρκε</em></span> <span class='ocrx_word' id='word_1_215' title='bbox 1270 2973 1337 3012; x_wconf 86' lang='lat' dir='ltr'>cum</span> <span class='ocrx_word' id='word_1_216' title='bbox 1347 2951 1453 3012; x_wconf 83' lang='lat' dir='ltr'>multis</span> <span class='ocrx_word' id='word_1_217' title='bbox 1464 2950 1616 3012; x_wconf 81' lang='lat' dir='ltr'>nobilibus</span> <span class='ocrx_word' id='word_1_218' title='bbox 1626 2950 1778 3011; x_wconf 80' lang='lat' dir='ltr'>submersi</span> <span class='ocrx_word' id='word_1_219' title='bbox 1787 2957 1860 3011; x_wconf 83' lang='lat' dir='ltr'>suut</span> 
     </span>
     <span class='ocr_line' id='line_1_23' title="bbox 526 3052 1861 3141; baseline -0.002 -21"><span class='ocrx_word' id='word_1_220' title='bbox 526 3061 625 3141; x_wconf 76' lang='lat' dir='ltr'>jueta</span> <span class='ocrx_word' id='word_1_221' title='bbox 640 3067 781 3120; x_wconf 80' lang='lat' dir='ltr'>sanctum</span> <span class='ocrx_word' id='word_1_222' title='bbox 797 3057 911 3120; x_wconf 87' lang='lat' dir='ltr'>David</span> <span class='ocrx_word' id='word_1_223' title='bbox 922 3059 954 3118; x_wconf 82' lang='lat' dir='ltr'>in</span> <span class='ocrx_word' id='word_1_224' title='bbox 969 3057 1020 3117; x_wconf 83' lang='lat' dir='ltr'>die</span> <span class='ocrx_word' id='word_1_225' title='bbox 1038 3104 1138 3119; x_wconf 92' lang='grc'><strong><em>.....</em></strong></span> <span class='ocrx_word' id='word_1_226' title='bbox 1182 3055 1262 3118; x_wconf 88' lang='lat' dir='ltr'>Item</span> <span class='ocrx_word' id='word_1_227' title='bbox 1275 3054 1419 3118; x_wconf 90' lang='lat' dir='ltr'>dominus</span> <span class='ocrx_word' id='word_1_228' title='bbox 1435 3053 1474 3118; x_wconf 85' lang='lat' dir='ltr'>G.</span> <span class='ocrx_word' id='word_1_229' title='bbox 1487 3053 1526 3119; x_wconf 90' lang='lat' dir='ltr'>de</span> <span class='ocrx_word' id='word_1_230' title='bbox 1542 3053 1694 3119; x_wconf 87' lang='lat' dir='ltr'>Genevile</span> <span class='ocrx_word' id='word_1_231' title='bbox 1713 3067 1746 3118; x_wconf 87' lang='lat' dir='ltr'>et</span> <span class='ocrx_word' id='word_1_232' title='bbox 1766 3052 1861 3118; x_wconf 83' lang='lat' dir='ltr'>ceteri</span> 
     </span>
     <span class='ocr_line' id='line_1_24' title="bbox 535 3159 1860 3248; baseline -0.004 -21"><span class='ocrx_word' id='word_1_233' title='bbox 535 3163 655 3229; x_wconf 89' lang='lat' dir='ltr'>nobiles</span> <span class='ocrx_word' id='word_1_234' title='bbox 670 3162 709 3228; x_wconf 91' lang='lat' dir='ltr'>de</span> <span class='ocrx_word' id='word_1_235' title='bbox 725 3161 879 3228; x_wconf 91' lang='lat' dir='ltr'>Hibernia</span> <span class='ocrx_word' id='word_1_236' title='bbox 893 3162 1019 3227; x_wconf 85' lang='lat' dir='ltr'>inenmt</span> <span class='ocrx_word' id='word_1_237' title='bbox 1032 3186 1130 3247; x_wconf 89' lang='lat' dir='ltr'>usque</span> <span class='ocrx_word' id='word_1_238' title='bbox 1145 3160 1327 3228; x_wconf 83' lang='lat' dir='ltr'>Glandelori</span> <span class='ocrx_word' id='word_1_239' title='bbox 1342 3161 1423 3227; x_wconf 84' lang='lat' dir='ltr'>circa</span> <span class='ocrx_word' id='word_1_240' title='bbox 1438 3159 1669 3248; x_wconf 88' lang='lat' dir='ltr'>carniprivium.</span> <span class='ocrx_word' id='word_1_241' title='bbox 1714 3160 1796 3225; x_wconf 89' lang='lat' dir='ltr'>Item</span> <span class='ocrx_word' id='word_1_242' title='bbox 1811 3160 1860 3225; x_wconf 93' lang='lat' dir='ltr'>ob.</span> 
     </span>
     <span class='ocr_line' id='line_1_25' title="bbox 535 3267 1253 3356; baseline 0 -24"><span class='ocrx_word' id='word_1_243' title='bbox 535 3269 682 3356; x_wconf 71' lang='lat' dir='ltr'>magister</span> <span class='ocrx_word' id='word_1_244' title='bbox 696 3268 889 3355; x_wconf 86' lang='lat' dir='ltr'>Reginaldus</span> <span class='ocrx_word' id='word_1_245' title='bbox 904 3267 1066 3354; x_wconf 91' lang='lat' dir='ltr'>episcopus</span> <span class='ocrx_word' id='word_1_246' title='bbox 1082 3267 1253 3332; x_wconf 88' lang='lat' dir='ltr'>Clonensis.</span> 
     </span>
    </p>

    <p class='ocr_par' dir='ltr' id='par_1_5' title="bbox 472 3371 1861 3778">
     <span class='ocr_line' id='line_1_26' title="bbox 472 3371 1860 3460; baseline -0.003 -22"><span class='ocrx_word' id='word_1_247' title='bbox 472 3375 567 3439; x_wconf 89' lang='lat' dir='ltr'>Anno</span> <span class='ocrx_word' id='word_1_248' title='bbox 584 3374 644 3439; x_wconf 61' lang='grc' dir='ltr'>ΜΟ.</span> <span class='ocrx_word' id='word_1_249' title='bbox 661 3374 815 3460; x_wconf 82' lang='lat' dir='ltr'>cclxxiiij.</span> <span class='ocrx_word' id='word_1_250' title='bbox 833 3374 893 3439; x_wconf 90' lang='lat' dir='ltr'>Ob.</span> <span class='ocrx_word' id='word_1_251' title='bbox 908 3374 979 3438; x_wconf 89' lang='lat' dir='ltr'>Odo</span> <span class='ocrx_word' id='word_1_252' title='bbox 989 3374 1062 3438; x_wconf 83' lang='lat' dir='ltr'>Rex</span> <span class='ocrx_word' id='word_1_253' title='bbox 1071 3373 1230 3450; x_wconf 76' lang='lat' dir='ltr'>Ceramia,</span> <span class='ocrx_word' id='word_1_254' title='bbox 1246 3373 1402 3439; x_wconf 84' lang='lat' dir='ltr'>circariii.</span> <span class='ocrx_word' id='word_1_255' title='bbox 1415 3373 1485 3440; x_wconf 89' lang='lat' dir='ltr'>idus</span> <span class='ocrx_word' id='word_1_256' title='bbox 1500 3373 1589 3452; x_wconf 89' lang='lat' dir='ltr'>Maii,</span> <span class='ocrx_word' id='word_1_257' title='bbox 1604 3373 1656 3439; x_wconf 91' lang='lat' dir='ltr'>cui</span> <span class='ocrx_word' id='word_1_258' title='bbox 1671 3371 1817 3439; x_wconf 89' lang='lat' dir='ltr'>successit</span> <span class='ocrx_word' id='word_1_259' title='bbox 1827 3371 1860 3435; x_wconf 92' lang='lat' dir='ltr'>in</span> 
     </span>
     <span class='ocr_line' id='line_1_27' title="bbox 536 3477 1859 3566; baseline 0 -23"><span class='ocrx_word' id='word_1_260' title='bbox 536 3503 633 3566; x_wconf 85' lang='lat' dir='ltr'>regno</span> <span class='ocrx_word' id='word_1_261' title='bbox 649 3479 747 3566; x_wconf 86' lang='lat' dir='ltr'>Hohy</span> <span class='ocrx_word' id='word_1_262' title='bbox 760 3503 856 3565; x_wconf 90' lang='lat' dir='ltr'>nepos</span> <span class='ocrx_word' id='word_1_263' title='bbox 870 3477 947 3563; x_wconf 86' lang='lat' dir='ltr'>ejus,</span> <span class='ocrx_word' id='word_1_264' title='bbox 963 3477 1018 3564; x_wconf 92' lang='lat' dir='ltr'>qui</span> <span class='ocrx_word' id='word_1_265' title='bbox 1028 3495 1093 3543; x_wconf 91' lang='lat' dir='ltr'>erat</span> <span class='ocrx_word' id='word_1_266' title='bbox 1105 3477 1284 3544; x_wconf 85' lang='lat' dir='ltr'>interfectus</span> <span class='ocrx_word' id='word_1_267' title='bbox 1299 3478 1381 3544; x_wconf 90' lang='lat' dir='ltr'>circa</span> <span class='ocrx_word' id='word_1_268' title='bbox 1395 3478 1507 3544; x_wconf 86' lang='lat' dir='ltr'>festum</span> <span class='ocrx_word' id='word_1_269' title='bbox 1523 3479 1607 3546; x_wconf 91' lang='lat' dir='ltr'>beati</span> <span class='ocrx_word' id='word_1_270' title='bbox 1622 3479 1792 3558; x_wconf 89' lang='lat' dir='ltr'>Dominici,</span> <span class='ocrx_word' id='word_1_271' title='bbox 1808 3479 1859 3544; x_wconf 91' lang='lat' dir='ltr'>cui</span> 
     </span>
     <span class='ocr_line' id='line_1_28' title="bbox 537 3583 1861 3672; baseline 0.002 -24"><span class='ocrx_word' id='word_1_272' title='bbox 537 3585 682 3650; x_wconf 88' lang='lat' dir='ltr'>successit</span> <span class='ocrx_word' id='word_1_273' title='bbox 703 3585 770 3669; x_wconf 89' lang='lat' dir='ltr'>ejus</span> <span class='ocrx_word' id='word_1_274' title='bbox 795 3608 900 3671; x_wconf 89' lang='lat' dir='ltr'>nepos,</span> <span class='ocrx_word' id='word_1_275' title='bbox 927 3583 981 3668; x_wconf 92' lang='lat' dir='ltr'>qui</span> <span class='ocrx_word' id='word_1_276' title='bbox 1005 3583 1154 3650; x_wconf 86' lang='lat' dir='ltr'>occubuit</span> <span class='ocrx_word' id='word_1_277' title='bbox 1172 3583 1284 3672; x_wconf 85' lang='lat' dir='ltr'>gladiis</span> <span class='ocrx_word' id='word_1_278' title='bbox 1304 3584 1408 3649; x_wconf 89' lang='lat' dir='ltr'>statim</span> <span class='ocrx_word' id='word_1_279' title='bbox 1429 3600 1506 3672; x_wconf 90' lang='lat' dir='ltr'>post.</span> <span class='ocrx_word' id='word_1_280' title='bbox 1551 3587 1633 3652; x_wconf 84' lang='lat' dir='ltr'>Item</span> <span class='ocrx_word' id='word_1_281' title='bbox 1653 3587 1702 3652; x_wconf 90' lang='lat' dir='ltr'>ob.</span> <span class='ocrx_word' id='word_1_282' title='bbox 1723 3585 1861 3651; x_wconf 87' lang='lat' dir='ltr'>Domina</span> 
     </span>
     <span class='ocr_line' id='line_1_29' title="bbox 536 3689 1528 3778; baseline 0.001 -24"><span class='ocrx_word' id='word_1_283' title='bbox 536 3690 688 3778; x_wconf 81' lang='lat' dir='ltr'>Anolyna</span> <span class='ocrx_word' id='word_1_284' title='bbox 709 3689 898 3756; x_wconf 86' lang='lat' dir='ltr'>commitissa</span> <span class='ocrx_word' id='word_1_285' title='bbox 912 3689 1042 3755; x_wconf 90' lang='lat' dir='ltr'>Ultonie</span> <span class='ocrx_word' id='word_1_286' title='bbox 1057 3691 1139 3756; x_wconf 90' lang='lat' dir='ltr'>circa</span> <span class='ocrx_word' id='word_1_287' title='bbox 1153 3698 1320 3778; x_wconf 86' lang='lat' dir='ltr'>pentecost&#39;</span> <span class='ocrx_word' id='word_1_288' title='bbox 1332 3690 1365 3755; x_wconf 91' lang='lat' dir='ltr'>in</span> <span class='ocrx_word' id='word_1_289' title='bbox 1381 3689 1432 3756; x_wconf 87' lang='lat' dir='ltr'>die</span> <span class='ocrx_word' id='word_1_290' title='bbox 1449 3742 1456 3756; x_wconf 93' lang='lat'><strong>.</strong></span> <span class='ocrx_word' id='word_1_291' title='bbox 1472 3742 1479 3757; x_wconf 90' lang='lat'><em>.</em></span> <span class='ocrx_word' id='word_1_292' title='bbox 1497 3743 1504 3756; x_wconf 88' lang='lat'><strong><em>.</em></strong></span> <span class='ocrx_word' id='word_1_293' title='bbox 1521 3743 1528 3755; x_wconf 90' lang='lat'><strong>.</strong></span> 
     </span>
    </p>
   </div>
   <div class='ocr_carea' id='block_1_3' title="bbox 0 0 2234 5406">
    <p class='ocr_par' dir='ltr' id='par_1_6' title="bbox 0 0 2234 5406">
     <span class='ocr_line' id='line_1_30' title="bbox 0 0 2234 5406; baseline 0 0"><span class='ocrx_word' id='word_1_294' title='bbox 0 0 2234 5406; x_wconf 95' lang='lat' dir='ltr'> </span> 
     </span>
    </p>
   </div>
  </div>
 </body>
</html>
