4446 5406
1045 631 1081 678 ll

360 781 457 846 Anno
474 783 534 848 ΜΟ.
550 786 643 872 cxcij.
666 787 788 852 Jacitur
802 787 1039 854 fundamentum
1055 789 1183 854 ecclesie
1199 789 1370 856 Liucoluic.

360 887 457 952 Auno
474 890 535 954 ΜΟ.
551 892 656 976 cxciij.
680 893 787 958 Rediit
802 893 873 958 Rex
888 895 1040 961 Ricardus
1055 910 1087 960 et
1101 896 1224 982 eapitur
1237 895 1270 960 in
1285 895 1423 961 Austria.

359 1309 456 1374 Anno
471 1310 532 1374 ΜΟ.
549 1311 663 1398 cxcvij.
687 1311 748 1378 Ob.
766 1312 837 1378 Rex
853 1313 1013 1390 Ricardus‚
1032 1314 1127 1379 subiit
1140 1314 1300 1380 «Iohannes
1315 1315 1409 1382 frater
1424 1316 1499 1401 ejus.

359 1415 456 1480 Anno
472 1416 533 1480 ΜΟ.
549 1418 675 1503 cxcviij.

359 1520 456 1586 Auno
472 1522 533 1586 ΜΟ.
549 1524 654 1588 cxcix.
671 1524 731 1590 Ob.
747 1524 845 1614 Hugo
860 1525 1034 1612 Episcopus
1053 1525 1225 1608 Linooluie.
1271 1527 1431 1594 Galfridus
1447 1527 1681 1594 archidiaconus
1697 1553 1745 1595 re·

424 1626 484 1692 diit
499 1629 538 1694 ab
552 1629 659 1694 exilio

429 1795 525 1862 NNO
541 1797 602 1862 ΜΟ.
618 1798 839 1864 ducentesimo.
855 1798 968 1864 Catbel
984 1798 1130 1864 Croftber
1144 1797 1268 1883 ejicitur
1282 1798 1321 1864 de
1337 1798 1498 1864 Conactia.

450 1903 548 1968 Anno
563 1904 623 1968 Μο-
641 1905 696 1970 coi.
713 1905 774 1970 Ob.
791 1905 928 1970 Thomas
943 1905 1058 1992 primas
1072 1903 1252 1969 Ardmach'.

357 2009 454 2074 Anno
470 2009 531 2072 ΜΟ.
547 2009 615 2094 ocij.

357 2114 454 2179 Anno
470 2115 529 2178 ΜΟ.
548 2115 628 2201 cciij.

358 2221 455 2285 Armo
470 2221 531 2285 M⁰.
548 2221 641 2306 cciiij.
656 2218 816 2285 Jobannes
831 2219 870 2284 de
885 2219 977 2284 Cursi
994 2219 1115 2306 capitur
1130 2242 1148 2283 a
1162 2217 1300 2304 Hugone
1315 2216 1354 2282 de
1370 2216 1465 2305 Lacy.

357 2328 453 2393 Anno
469 2329 530 2392 ΜΟ.
546 2353 611 2393 cov-

357 2435 454 2498 Anuo
471 2433 531 2497 ΜΟ.
547 2433 624 2498 ccvi.

356 2539 453 2603 Anno
469 2539 530 2604 ΜΟ.
546 2538 635 2625 ccvij.

355 2646 452 2709 Auno
468 2645 529 2709 ΜΟ.
545 2644 647 2729 ccviij.
659 2641 780 2730 Anglia
788 2643 974 2730 generaliter
982 2642 1179 2708 interdicitur
1194 2642 1311 2708 octavis
1321 2642 1391 2706 Kal.
1401 2641 1530 2728 Aprilis.
1561 2640 1741 2706 Willclmus

420 2750 460 2814 de
482 2751 599 2815 Breaus
621 2749 745 2835 ejicitur
767 2749 806 2813 ds
821 2749 941 2838 Anglia
955 2765 987 2814 et
1009 2748 1151 2814 venitin
1167 2748 1362 2814 Hiberniam.
1410 2747 1534 2835 Strages
1556 2748 1637 2812 facta
1658 2747 1742 2834 apud

418 2855 551 2920 Thorlis.

216 3007 218 3010 -
355 2961 452 3026 Anno
468 2961 529 3025 ΜΟ.
545 2959 626 3025 ccix.

427 3125 522 3190 NNO
538 3125 600 3189 ΜΟ.
615 3149 684 3190 ccx.

449 3232 545 3297 Anno
561 3232 622 3296 ΜΟ.
638 3231 719 3297 ccxi.
734 3231 894 3297 Johannes
907 3231 979 3296 Rex
993 3231 1129 3296 venitin
1144 3231 1339 3307 Hiberniam,
1356 3231 1526 3319 Hugonem
1542 3231 1581 3296 de
1597 3231 1683 3318 Lacy
1699 3231 1738 3296 de

421 3353 501 3404 terra
515 3338 615 3424 ejecit,
631 3362 704 3403 cum
718 3337 790 3402 filiis
805 3337 876 3402 suis.
922 3337 1073 3403 Ricardus
1088 3338 1127 3403 de
1143 3339 1232 3424 Tuyt
1247 3339 1375 3403 obrutus
1390 3362 1407 3402 a
1422 3353 1506 3402 turre
1521 3337 1605 3424 apud
1621 3337 1738 3402 Adlon.

352 3446 448 3509 Anno
465 3444 525 3509 ΜΟ.
542 3444 634 3529 ccxij.
649 3442 709 3509 Ob.
722 3443 881 3509 Galfridus
893 3443 1141 3531 archiepiscopus
1151 3443 1301 3508 Eborum.
1337 3443 1471 3530 Eolipsis
1480 3443 1564 3508 lune.
1609 3442 1669 3508 Ob.
1681 3444 1736 3509 Jo-

418 3551 535 3616 haunos
550 3549 797 3637 archiepiscopus
813 3549 918 3614 Dubl'.
963 3549 1107 3613 Castrum
1121 3550 1205 3637 apud
1221 3548 1453 3637 Olonmagnoys
1467 3548 1615 3614 firmatur.

354 3658 451 3721 Anno
467 3655 528 3720 ΜΟ.
544 3656 649 3741 ccxiij.
666 3655 727 3721 Ob.
743 3655 923 3721 Willelmus
939 3656 1066 3720 Parvus.

419 3882 521 3932 torum
534 3869 582 3934 ob.

354 3975 451 4040 Anno
467 3973 527 4037 ΜΟ.
544 3999 633 4039 ccxv.
657 3973 778 4039 Guerra
798 3972 880 4038 inter
899 3973 1077 4038 Johannem
1096 3973 1216 4062 Regem
1234 3987 1267 4039 et
1281 3973 1425 4038 Barones.
1470 3971 1623 4038 Generale
1637 3971 1737 4036 oonsi-

417 4079 497 4144 lium
512 4079 611 4144 Rome
626 4079 798 4144 celebratur
813 4080 851 4144 ab
867 4079 1055 4144 Innocencio
1070 4079 1175 4144 tercio.
1213 4078 1300 4144 Ordo
1315 4079 1476 4142 Minorum
1491 4078 1698 4143 confirmatur.

353 4186 450 4250 Anno
466 4185 527 4249 ΜΟ.
542 4184 644 4250 ccxvi.
665 4184 726 4250 Ob.
745 4182 904 4250 Jobannes
920 4184 992 4249 Rex
1006 4184 1134 4272 Anglie,
1154 4183 1250 4249 subiit
1264 4183 1421 4249 Henricus
1434 4183 1517 4248 filius
1533 4183 1608 4268 ejus.
1653 4182 1737 4248 Lou-

418 4291 547 4356 dovicus
561 4291 643 4355 filius
658 4289 739 4378 regis
750 4289 890 4368 Francis,
906 4290 1041 4355 venitin
1055 4289 1216 4378 Angliam.
1261 4289 1322 4354 Ob.
1343 4313 1424 4376 papa
1438 4288 1652 4365 Innocencius‚
1668 4313 1737 4354 suo-

418 4396 509 4462 cessit
523 4395 682 4460 Honorius
696 4395 818 4464 tercius.
863 4396 951 4463 Ordo
965 4396 1201 4462 Predicatorum
1215 4395 1424 4462 confirmatur.

980 4499 1007 4568 O
1022 4523 1039 4567 2
1638 4499 1735 4565 Anno
