4446 5406
1053 661 1093 733 ¹5

439 822 468 888 le
495 823 584 889 Poer.
630 825 710 889 Item
735 821 907 888 Mauricius
928 819 1011 884 filius
1034 819 1163 884 Geraldi
1185 819 1359 884 submersus
1381 833 1428 884 est
1451 819 1533 884 inter
1557 819 1705 883 Walliam
1733 832 1765 883 et

439 929 633 996 Hiberniam.
678 931 833 996 Robertus
848 929 887 994 de
903 926 1040 990 Hufford
1050 927 1137 990 veuit
1141 925 1332 1011 justiciarius
1346 925 1501 991 Hibcmie
1515 939 1548 990 et
1561 925 1671 990 codem
1683 948 1764 988 anno

437 1032 596 1098 edificavit
607 1049 740 1100 castrum
753 1035 791 1100 dc
804 1035 987 1098 Roseoman.
1019 1033 1100 1098 Item
1109 1033 1217 1098 fratres
1231 1033 1354 1098 Sacciui
1365 1033 1562 1098 intraverunt
1567 1032 1762 1098 Hibcmiam.

438 1135 518 1199 Item
531 1135 717 1202 Macohelan
728 1135 908 1201 interfectus
919 1151 974 1200 est.
1019 1136 1100 1200 Item
1110 1151 1249 1200 mortuus
1259 1152 1305 1200 est
1315 1136 1409 1202 frater
1423 1137 1594 1202 Nicholaus
1605 1138 1644 1202 de
1654 1138 1763 1203 Cusac.

373 1240 470 1305 Anno
492 1242 552 1307 ΜΟ.
572 1242 689 1308 cclxix.
710 1243 807 1308 Facta
824 1257 871 1307 est
894 1265 959 1329 pax
977 1240 1060 1305 inter
1082 1241 1228 1306 comitem
1249 1241 1302 1305 W.
1327 1243 1366 1306 de
1390 1243 1497 1330 Burgo
1519 1257 1551 1307 et
1569 1242 1762 1308 Geraldinos.

439 1347 540 1413 Locus
552 1365 660 1437 captus
669 1365 715 1414 est
727 1349 810 1437 apud
823 1349 1007 1412 Roscoman.
1039 1347 1225 1412 Interfectus
1236 1363 1283 1411 est
1292 1347 1504 1413 Maccarthan.
1529 1348 1634 1414 David
1646 1350 1764 1414 archic-

438 1454 582 1541 piscopus
598 1455 796 1520 Cassclleusis
819 1454 947 1518 indutus
967 1467 1014 1518 est
1033 1452 1144 1518 habitu
1164 1453 1348 1518 monachali.
1393 1455 1473 1519 Item
1495 1454 1639 1519 dominus
1656 1455 1764 1521 Ricar-

439 1560 496 1624 dus
511 1561 550 1625 de
566 1561 693 1626 Exonia
707 1560 801 1625 duxit
822 1559 982 1623 dominam
997 1558 1146 1624 Ysemain
1168 1558 1263 1623 liliam
1287 1559 1406 1623 domini
1429 1559 1534 1624 David
1556 1560 1596 1626 de
1611 1561 1764 1626 Prender-

438 1681 530 1753 gerat.
567 1667 648 1732 Item
658 1668 707 1731 ob.
718 1665 869 1731 Ricardus
880 1663 1114 1730 archidiaconus
1126 1663 1236 1740 Midie,
1247 1665 1392 1729 successit
1400 1665 1547 1753 magister
1557 1667 1716 1732 Iohannes
1725 1668 1765 1732 de

440 1773 606 1839 Dubiltuu.
645 1773 726 1838 Item
735 1772 823 1836 locus
832 1786 941 1858 captus
955 1784 1003 1834 est
1017 1769 1100 1856 apud
1113 1769 1284 1834 Clonmele.
1323 1771 1404 1835 Item
1415 1772 1465 1837 ob.
1475 1771 1630 1837 Patricius
1641 1773 1763 1860 primas,

438 1879 583 1946 successit
605 1877 751 1964 magister
773 1876 952 1950 Nicholaus‚
974 1890 1042 1940 tum
1064 1875 1194 1940 ccclesia
1215 1876 1340 1940 vacavit
1359 1900 1415 1963 per
1435 1877 1512 1941 duos
1533 1902 1638 1944 annos.
1683 1881 1764 1945 Item

440 1986 584 2049 dominus
606 1983 753 2049 Nicholas
776 1983 815 2047 de
835 1983 968 2046 Vcrdun
988 1998 1021 2047 et
1040 1981 1186 2046 dominus
1204 1981 1235 2046 J.
1256 1981 1350 2046 frater
1369 1983 1436 2069 ejus
1455 1983 1529 2048 facti
1549 2001 1622 2048 sunt
1640 1986 1763 2051 milites.

440 2092 501 2157 Ob.
518 2092 663 2156 Clemens
678 2113 767 2176 papa,
788 2103 820 2154 et
834 2088 965 2154 cessavit
979 2087 1175 2174 episcopatus
1195 2087 1294 2152 tribus
1314 2089 1403 2152 annis
1427 2103 1459 2154 et
1472 2093 1657 2174 pontfflcum
1677 2095 1765 2154 sedes

442 2222 458 2284 3
476 2221 572 2260 aranos
588 2207 689 2259 vacat.

448 2365 542 2430 NNO
561 2366 621 2429 ΜΟ.
642 2391 686 2431 cc.
706 2365 996 2454 septuagentesimo.
1022 2366 1082 2432 Ob.
1104 2367 1242 2432 Thomas
1265 2366 1427 2454 episcopus
1450 2367 1647 2456 Lysmorum,
1670 2369 1766 2434 subiit

377 2373 446 2552 A
469 2473 614 2560 magister
624 2475 783 2538 Iohannes
795 2473 834 2538 de
843 2474 944 2560 Rupe.
983 2474 1064 2539 Item
1080 2475 1224 2539 dominus
1239 2474 1337 2562 Ilugo
1353 2475 1465 2540 Purccl
1481 2476 1574 2540 duxit
1588 2477 1765 2542 Johannam

442 2578 537 2644 filiam
553 2580 672 2644 domini
687 2581 833 2646 Nicholai
849 2581 1031 2646 Dunhevid.
1076 2583 1157 2647 Item
1173 2581 1328 2646 Dominus
1345 2581 1382 2646 R.
1395 2583 1434 2646 de
1444 2583 1556 2648 Ufford
1570 2607 1709 2648 reversus
1721 2600 1766 2648 est

441 2685 474 2749 in
489 2685 649 2772 Angliam,
665 2705 697 2750 et
706 2685 860 2750 Dominus
873 2687 1024 2752 Ricardus
1034 2687 1072 2750 de
1086 2687 1211 2752 Exoma
1222 2687 1316 2775 gessit
1328 2688 1410 2753 vices
1421 2689 1586 2774 justiciarii
1603 2690 1764 2756 Hiberuie.

442 2791 559 2855 Omnes
579 2791 743 2857 Hibcmici
763 2808 996 2879 guerravorunt.
1042 2794 1121 2857 Item
1142 2809 1258 2880 strages
1273 2793 1480 2880 Anglicorum
1503 2794 1537 2858 in
1553 2796 1711 2872 Conactia,
1732 2797 1765 2860 in

442 2923 503 2982 qua
518 2898 661 2962 dominus
683 2899 736 2962 W.
753 2899 835 2963 filius
851 2899 964 2964 Leonis
986 2915 1019 2964 ct
1040 2900 1092 2964 alii
1115 2915 1297 2964 corruerunt
1319 2901 1352 2962 in
1376 2901 1426 2965 die
1442 2900 1539 2965 sancti
1557 2900 1761 2965 Pantalconis.

440 3004 521 3068 Item
537 3004 681 3068 dominus
696 3005 801 3070 James
815 3005 854 3069 de
870 3005 994 3070 Audele
1009 3006 1097 3070 venit
1107 3005 1297 3090 justiciarius
1313 3005 1476 3070 Hibernia.
1521 3005 1600 3069 Item
1616 3008 1667 3068 ob.
1680 3008 1709 3070 J.
1726 3009 1766 3072 <le

441 3112 550 3198 Cogan
561 3111 677 3196 junior.
722 3111 802 3175 Item
819 3111 953 3174 Hcrveis
969 3109 1140 3173 Dunhcvid
1154 3108 1334 3172 interfectus
1349 3123 1403 3173 cst.
1448 3109 1528 3172 Item
1541 3109 1633 3173 sratcr
1644 3111 1665 3174 J
1667 3111 1763 3174 ohan-

440 3239 495 3280 nes
507 3217 650 3281 Tancard
665 3233 785 3282 creatus
800 3233 846 3282 est
860 3217 1008 3281 minister.
1054 3217 1134 3280 Item
1147 3216 1257 3280 domus
1268 3215 1397 3280 fratrum
1413 3229 1444 3279 et
1456 3213 1530 3278 villa
1539 3214 1578 3278 de
1591 3215 1764 3280 Roscornan

441 3321 603 3386 combusta
622 3338 678 3386 cst.
723 3322 805 3386 Item
821 3322 979 3406 Yscmayn
1002 3345 1084 3383 uxor
1105 3319 1225 3383 domini
1246 3319 1283 3382 R.
1300 3320 1338 3384 de
1356 3319 1482 3384 Exonia
1501 3321 1623 3407 peperit
1644 3345 1762 3386 mascu-

440 3426 514 3503 lum,
530 3427 706 3491 Iohannem
722 3427 856 3502 nomine,
872 3427 905 3491 in
920 3427 971 3490 die
987 3426 1093 3491 sancti.
1132 3426 1212 3489 Item
1228 3425 1415 3490 Lodowieus
1434 3449 1490 3489 rex
1504 3425 1643 3502 Francis,
1655 3441 1687 3490 et
1696 3427 1761 3490 Do-

440 3532 542 3596 minus
558 3531 730 3598 Ildwardus
752 3533 834 3596 filius
849 3533 930 3619 rogis
946 3531 1063 3618 Anglic
1086 3531 1251 3595 adiverunt
1265 3546 1377 3594 terram
1401 3545 1546 3604 sanctam,
1570 3546 1601 3596 ct
1622 3549 1762 3596 mortuus

438 3651 485 3702 est
498 3662 555 3702 rex
573 3637 710 3702 Fraucie.
754 3639 835 3702 Item
851 3636 1005 3700 Dominus
1023 3636 1177 3700 chricus
1193 3636 1231 3700 de
1246 3635 1412 3700 Alcmania
1426 3635 1603 3702 interfectus
1618 3651 1663 3701 est
1678 3639 1762 3724 apud

442 3743 622 3808 Viterbium
638 3769 656 3809 a
671 3745 816 3810 Guidonc
833 3744 870 3808 dc
887 3744 997 3808 Monte
1013 3743 1093 3808 forti.

449 3907 542 3972 NNO
558 3908 619 3971 M⁰.
636 3908 752 3974 cclxxi.
769 3907 900 3972 Caristia
915 3931 1027 3993 magna
1042 3906 1074 3970 in
1091 3907 1253 3982 Hibernia,
1270 3922 1301 3971 ct
1321 3905 1459 3971 maxima
1473 3907 1641 3973 multitudo
1661 3911 1760 3974 homi-

379 3915 447 4091 Α
471 4038 546 4078 num
562 4038 616 4101 pre
630 4015 710 4079 fame
726 4028 915 4078 mortuaest.
960 4013 1021 4077 Ob.
1038 4012 1137 4078 Fulco
1153 4012 1416 4099 Archicpiscopus
1432 4013 1583 4078 Dublinic
1599 4031 1669 4079 ante
1685 4041 1760 4102 pen-

441 4134 587 4185 tecosten.
631 4118 711 4182 Item
728 4116 892 4204 Philippus
904 4140 961 4180 rex
977 4115 1108 4181 Francis
1123 4133 1296 4182 coronatur.
1340 4118 1422 4182 Item
1436 4118 1581 4182 dominus
1592 4120 1761 4189 Nicholaus

442 4228 482 4292 de
497 4226 640 4301 Verduu,
659 4241 691 4290 et
705 4223 859 4288 Dominus
873 4224 904 4289 J.
921 4223 1014 4288 frater
1028 4223 1095 4307 eius
1110 4249 1181 4288 cum
1197 4224 1304 4289 multis
1323 4224 1391 4289 aliis
1406 4224 1559 4290 Interfecti
1575 4241 1646 4292 suut
1661 4229 1693 4292 in
1709 4231 1760 4296 ‹lie

445 4331 551 4396 Sancti
561 4329 675 4394 Leonis
684 4353 772 4415 pape.
797 4329 878 4392 Item
888 4327 936 4391 ob.
947 4325 1195 4390 dominusW.de
1205 4327 1311 4412 Burgo
1323 4350 1426 4390 comes
1433 4326 1562 4393 Ultouie
1573 4345 1605 4392 ct
1616 4331 1759 4398 dominus

444 4435 592 4502 Conactie
607 4431 788 4522 prothdolor
805 4434 881 4516 [stc]
900 4455 927 4494 v.
941 4429 1011 4493 Kal.
1026 4429 1164 4516 Augusti
1176 4429 1210 4492 in
1226 4428 1276 4493 die
1292 4441 1467 4494 sanctorum
1483 4428 1607 4496 Nazarii
1623 4448 1653 4498 et
1666 4434 1757 4500 Celsi.

1678 4538 1758 4603 Item
