4446 5406
366 799 463 864 Anno
479 797 541 864 ΜΟ.
558 799 648 885 xlvij.

367 906 463 970 Anno
480 907 540 969 ΜΟ.
557 905 659 989 xlviij.

367 1013 464 1076 Anno
480 1011 541 1075 ΜΟ.
557 1011 637 1075 xlix.

439 1171 533 1238 NNO
548 1171 611 1237 M0.
628 1170 895 1260 quinquagesimo.

460 1281 557 1343 Anno
573 1277 634 1343 ΜΟ.
651 1279 682 1342 li.

368 2611 466 2675 Anno
482 2609 542 2674 M⁰.
558 2609 639 2694 lxiij.

369 2717 465 2781 Anno
481 2715 541 2779 M⁰.
557 2715 651 2801 lxiiij.

367 2827 465 2890 Anno
480 2825 541 2888 ΜΟ.
558 2823 624 2888 lxv.
648 2823 708 2891 Ob.
731 2827 840 2891 beatus
863 2821 1037 2888 Edwardus
1064 2847 1121 2888 rex
1146 2823 1274 2912 Angla,
1302 2837 1334 2888 et
1360 2820 1392 2908 ij.
1416 2823 1467 2887 die
1495 2836 1689 2889 consecratus
1710 2838 1757 2887 est

433 2929 589 2995 Huraldus
603 2929 637 2994 in
651 2955 766 3019 regem.
782 2943 809 2971 Μ
824 2936 950 3016 capitur
966 2933 1086 3018 Anplia
1097 2956 1118 2995 α
1141 2933 1289 2994 Willelmo
1311 2933 1513 3017 Stranqbowe
1527 2937 1570 2995 ⁶⁰⁸.

368 3041 464 3103 Anno
480 3037 542 3102 M0.
557 3037 635 3102 lxvi.
659 3039 838 3104 Willelmus
860 3039 989 3103 Bustard
1021 3039 1089 3103 dux
1111 3036 1302 3102 Normannie
1329 3036 1413 3123 cepit
1435 3035 1596 3124 Angliam,
1626 3050 1658 3100 et
1679 3035 1756 3099 vicit

434 3143 616 3222 Haraldum,
632 3161 665 3210 et
675 3147 852 3212 vulneravit
867 3147 951 3234 apud
965 3146 1124 3234 Astingux,
1141 3146 1196 3231 qui
1211 3146 1317 3210 multis
1333 3143 1421 3209 annis
1436 3159 1544 3232 postea
1559 3143 1650 3207 vixit.
1683 3142 1755 3207 Bel-

432 3250 498 3315 lum
512 3249 573 3314 fuit
586 3253 784 3318 commissum
799 3254 832 3338 ij.
848 3254 917 3318 idus
934 3254 1087 3319 Octobris.
1132 3253 1255 3318 Eodem
1270 3277 1351 3318 anno
1371 3252 1455 3316 idem
1470 3251 1649 3316 Willelmus
1668 3275 1755 3314 coro-

432 3370 523 3422 natur
537 3360 577 3422 a1'1
592 3357 685 3422 natal.
702 3357 831 3423 domini.

369 3467 465 3530 Anno
482 3465 541 3528 ΜΟ.
557 3464 649 3551 lxvij.
666 3465 744 3530 Visa
759 3479 805 3530 est
820 3478 983 3530 commeta.

370 3571 466 3634 Anno
483 3569 543 3635 ΜΟ.
559 3569 662 3656 lxviij.

368 3679 465 3742 Anno
481 3678 541 3741 ΜΟ.
557 3678 638 3742 lxix.
655 3679 779 3743 Bellum
794 3680 827 3744 in
843 3679 996 3744 Bledima.

368 3788 464 3850 Auno
480 3786 541 3850 ΜΟ.
556 3785 625 3850 lxx.
641 3786 767 3852 Bellum
781 3787 863 3852 inter
877 3785 1063 3873 Philippum
1079 3808 1185 3872 regem
1200 3783 1342 3860 Franoie,
1366 3798 1397 3848 et
1413 3781 1586 3846 Robertum
1607 3777 1753 3843 comitem

433 3895 589 3971 Flundrie,
604 3896 706 3962 victus
720 3911 767 3962 est
780 3921 837 3962 rex
850 3896 1026 3984 Philippus.

368 4009 465 4072 Anno
481 4007 542 4071 ΜΟ.
557 4007 639 4072 lxxi.
656 4005 843 4073 Lanfrauuus
857 4006 893 4070 fit
908 4002 1159 4090 archiepiscopus
1175 3999 1352 4066 Cantuarie.

368 4117 465 4188 Anno
481 4113 541 4177 ΜΟ.
556 4113 651 4200 lxxij.

368 4223 464 4286 Anno
480 4219 541 4286 ΜΟ.
557 4220 662 4308 lxxiij.

367 4330 465 4393 Anno
480 4327 541 4392 ΜΟ.
556 4327 674 4415 lxxiiij.

367 4433 463 4498 Anno
479 4431 542 4497 ΜΟ.
558 4433 647 4496 lxxv.
